%YAML 1.1
%TAG !u! tag:unity3d.com,2011:
--- !u!1 &435996259269711138
GameObject:
  m_ObjectHideFlags: 0
  m_CorrespondingSourceObject: {fileID: 0}
  m_PrefabInstance: {fileID: 0}
  m_PrefabAsset: {fileID: 0}
  serializedVersion: 6
  m_Component:
  - component: {fileID: 3670969909020491765}
  - component: {fileID: 5728166943669277497}
  - component: {fileID: 2340207195793210923}
  m_Layer: 0
  m_Name: "ni\xF1os 1"
  m_TagString: Untagged
  m_Icon: {fileID: 0}
  m_NavMeshLayer: 0
  m_StaticEditorFlags: 0
  m_IsActive: 1
--- !u!4 &3670969909020491765
Transform:
  m_ObjectHideFlags: 0
  m_CorrespondingSourceObject: {fileID: 0}
  m_PrefabInstance: {fileID: 0}
  m_PrefabAsset: {fileID: 0}
  m_GameObject: {fileID: 435996259269711138}
  m_LocalRotation: {x: 0.7071068, y: -0, z: -0, w: 0.7071068}
  m_LocalPosition: {x: -17.91211, y: 0.045536995, z: -40.83151}
  m_LocalScale: {x: 4.8688183, y: 4.868818, z: 4.868818}
  m_Children: []
  m_Father: {fileID: 7794867664457509096}
  m_RootOrder: 2
  m_LocalEulerAnglesHint: {x: 90, y: 0, z: 0}
--- !u!212 &5728166943669277497
SpriteRenderer:
  m_ObjectHideFlags: 0
  m_CorrespondingSourceObject: {fileID: 0}
  m_PrefabInstance: {fileID: 0}
  m_PrefabAsset: {fileID: 0}
  m_GameObject: {fileID: 435996259269711138}
  m_Enabled: 1
  m_CastShadows: 0
  m_ReceiveShadows: 0
  m_DynamicOccludee: 1
  m_MotionVectors: 1
  m_LightProbeUsage: 1
  m_ReflectionProbeUsage: 1
  m_RayTracingMode: 0
  m_RayTraceProcedural: 0
  m_RenderingLayerMask: 1
  m_RendererPriority: 0
  m_Materials:
  - {fileID: 10754, guid: 0000000000000000f000000000000000, type: 0}
  m_StaticBatchInfo:
    firstSubMesh: 0
    subMeshCount: 0
  m_StaticBatchRoot: {fileID: 0}
  m_ProbeAnchor: {fileID: 0}
  m_LightProbeVolumeOverride: {fileID: 0}
  m_ScaleInLightmap: 1
  m_ReceiveGI: 1
  m_PreserveUVs: 0
  m_IgnoreNormalsForChartDetection: 0
  m_ImportantGI: 0
  m_StitchLightmapSeams: 1
  m_SelectedEditorRenderState: 0
  m_MinimumChartSize: 4
  m_AutoUVMaxDistance: 0.5
  m_AutoUVMaxAngle: 89
  m_LightmapParameters: {fileID: 0}
  m_SortingLayerID: 0
  m_SortingLayer: 0
  m_SortingOrder: 0
  m_Sprite: {fileID: 21300000, guid: bdb425fb3bdce124890f0286c63ac21b, type: 3}
  m_Color: {r: 1, g: 1, b: 1, a: 1}
  m_FlipX: 0
  m_FlipY: 0
  m_DrawMode: 0
  m_Size: {x: 14.43, y: 14.4}
  m_AdaptiveModeThreshold: 0.5
  m_SpriteTileMode: 0
  m_WasSpriteAssigned: 1
  m_MaskInteraction: 0
  m_SpriteSortPoint: 0
--- !u!95 &2340207195793210923
Animator:
  serializedVersion: 3
  m_ObjectHideFlags: 0
  m_CorrespondingSourceObject: {fileID: 0}
  m_PrefabInstance: {fileID: 0}
  m_PrefabAsset: {fileID: 0}
  m_GameObject: {fileID: 435996259269711138}
  m_Enabled: 1
  m_Avatar: {fileID: 0}
  m_Controller: {fileID: 9100000, guid: 07907b11d924687428c9bb780714dd41, type: 2}
  m_CullingMode: 0
  m_UpdateMode: 0
  m_ApplyRootMotion: 0
  m_LinearVelocityBlending: 0
  m_WarningMessage: 
  m_HasTransformHierarchy: 1
  m_AllowConstantClipSamplingOptimization: 1
  m_KeepAnimatorControllerStateOnDisable: 0
--- !u!1 &1678461130147117831
GameObject:
  m_ObjectHideFlags: 0
  m_CorrespondingSourceObject: {fileID: 0}
  m_PrefabInstance: {fileID: 0}
  m_PrefabAsset: {fileID: 0}
  serializedVersion: 6
  m_Component:
  - component: {fileID: 4848264773898709761}
  - component: {fileID: 2474671528457837539}
  - component: {fileID: 5267566524523262032}
  m_Layer: 0
  m_Name: sprites1_1
  m_TagString: Untagged
  m_Icon: {fileID: 0}
  m_NavMeshLayer: 0
  m_StaticEditorFlags: 0
  m_IsActive: 1
--- !u!4 &4848264773898709761
Transform:
  m_ObjectHideFlags: 0
  m_CorrespondingSourceObject: {fileID: 0}
  m_PrefabInstance: {fileID: 0}
  m_PrefabAsset: {fileID: 0}
  m_GameObject: {fileID: 1678461130147117831}
  m_LocalRotation: {x: 0.38268343, y: -0, z: -0, w: 0.92387956}
  m_LocalPosition: {x: 3.8095703, y: 10.5, z: -62.63}
  m_LocalScale: {x: 10, y: 10, z: 10}
  m_Children: []
  m_Father: {fileID: 7794867664457509096}
  m_RootOrder: 5
  m_LocalEulerAnglesHint: {x: 45, y: 0, z: 0}
--- !u!212 &2474671528457837539
SpriteRenderer:
  m_ObjectHideFlags: 0
  m_CorrespondingSourceObject: {fileID: 0}
  m_PrefabInstance: {fileID: 0}
  m_PrefabAsset: {fileID: 0}
  m_GameObject: {fileID: 1678461130147117831}
  m_Enabled: 1
  m_CastShadows: 0
  m_ReceiveShadows: 0
  m_DynamicOccludee: 1
  m_MotionVectors: 1
  m_LightProbeUsage: 1
  m_ReflectionProbeUsage: 1
  m_RayTracingMode: 0
  m_RayTraceProcedural: 0
  m_RenderingLayerMask: 1
  m_RendererPriority: 0
  m_Materials:
  - {fileID: 10754, guid: 0000000000000000f000000000000000, type: 0}
  m_StaticBatchInfo:
    firstSubMesh: 0
    subMeshCount: 0
  m_StaticBatchRoot: {fileID: 0}
  m_ProbeAnchor: {fileID: 0}
  m_LightProbeVolumeOverride: {fileID: 0}
  m_ScaleInLightmap: 1
  m_ReceiveGI: 1
  m_PreserveUVs: 0
  m_IgnoreNormalsForChartDetection: 0
  m_ImportantGI: 0
  m_StitchLightmapSeams: 1
  m_SelectedEditorRenderState: 0
  m_MinimumChartSize: 4
  m_AutoUVMaxDistance: 0.5
  m_AutoUVMaxAngle: 89
  m_LightmapParameters: {fileID: 0}
  m_SortingLayerID: 0
  m_SortingLayer: 0
  m_SortingOrder: 0
  m_Sprite: {fileID: -968382404791133921, guid: 13dec37c11fcb184a9ceae0456208ca3,
    type: 3}
  m_Color: {r: 1, g: 1, b: 1, a: 1}
  m_FlipX: 0
  m_FlipY: 0
  m_DrawMode: 0
  m_Size: {x: 1.43, y: 1.89}
  m_AdaptiveModeThreshold: 0.5
  m_SpriteTileMode: 0
  m_WasSpriteAssigned: 1
  m_MaskInteraction: 0
  m_SpriteSortPoint: 0
--- !u!95 &5267566524523262032
Animator:
  serializedVersion: 3
  m_ObjectHideFlags: 0
  m_CorrespondingSourceObject: {fileID: 0}
  m_PrefabInstance: {fileID: 0}
  m_PrefabAsset: {fileID: 0}
  m_GameObject: {fileID: 1678461130147117831}
  m_Enabled: 1
  m_Avatar: {fileID: 0}
  m_Controller: {fileID: 9100000, guid: da230d597bcb83c4896aad0bdb28e53d, type: 2}
  m_CullingMode: 0
  m_UpdateMode: 0
  m_ApplyRootMotion: 0
  m_LinearVelocityBlending: 0
  m_WarningMessage: 
  m_HasTransformHierarchy: 1
  m_AllowConstantClipSamplingOptimization: 1
  m_KeepAnimatorControllerStateOnDisable: 0
--- !u!1 &2049974035736379754
GameObject:
  m_ObjectHideFlags: 0
  m_CorrespondingSourceObject: {fileID: 0}
  m_PrefabInstance: {fileID: 0}
  m_PrefabAsset: {fileID: 0}
  serializedVersion: 6
  m_Component:
  - component: {fileID: 7995260558102363470}
  - component: {fileID: 7166929736295775619}
  - component: {fileID: 5366395714251287549}
  m_Layer: 0
  m_Name: sprites1_0
  m_TagString: Untagged
  m_Icon: {fileID: 0}
  m_NavMeshLayer: 0
  m_StaticEditorFlags: 0
  m_IsActive: 1
--- !u!4 &7995260558102363470
Transform:
  m_ObjectHideFlags: 0
  m_CorrespondingSourceObject: {fileID: 0}
  m_PrefabInstance: {fileID: 0}
  m_PrefabAsset: {fileID: 0}
  m_GameObject: {fileID: 2049974035736379754}
  m_LocalRotation: {x: 0.38268343, y: -0, z: -0, w: 0.92387956}
  m_LocalPosition: {x: -31.589844, y: 7.52, z: -61.21}
  m_LocalScale: {x: 10, y: 10, z: 10}
  m_Children: []
  m_Father: {fileID: 7794867664457509096}
  m_RootOrder: 4
  m_LocalEulerAnglesHint: {x: 45, y: 0, z: 0}
--- !u!212 &7166929736295775619
SpriteRenderer:
  m_ObjectHideFlags: 0
  m_CorrespondingSourceObject: {fileID: 0}
  m_PrefabInstance: {fileID: 0}
  m_PrefabAsset: {fileID: 0}
  m_GameObject: {fileID: 2049974035736379754}
  m_Enabled: 1
  m_CastShadows: 0
  m_ReceiveShadows: 0
  m_DynamicOccludee: 1
  m_MotionVectors: 1
  m_LightProbeUsage: 1
  m_ReflectionProbeUsage: 1
  m_RayTracingMode: 0
  m_RayTraceProcedural: 0
  m_RenderingLayerMask: 1
  m_RendererPriority: 0
  m_Materials:
  - {fileID: 10754, guid: 0000000000000000f000000000000000, type: 0}
  m_StaticBatchInfo:
    firstSubMesh: 0
    subMeshCount: 0
  m_StaticBatchRoot: {fileID: 0}
  m_ProbeAnchor: {fileID: 0}
  m_LightProbeVolumeOverride: {fileID: 0}
  m_ScaleInLightmap: 1
  m_ReceiveGI: 1
  m_PreserveUVs: 0
  m_IgnoreNormalsForChartDetection: 0
  m_ImportantGI: 0
  m_StitchLightmapSeams: 1
  m_SelectedEditorRenderState: 0
  m_MinimumChartSize: 4
  m_AutoUVMaxDistance: 0.5
  m_AutoUVMaxAngle: 89
  m_LightmapParameters: {fileID: 0}
  m_SortingLayerID: 0
  m_SortingLayer: 0
  m_SortingOrder: 0
  m_Sprite: {fileID: -5936142501086707167, guid: 13dec37c11fcb184a9ceae0456208ca3,
    type: 3}
  m_Color: {r: 1, g: 1, b: 1, a: 1}
  m_FlipX: 0
  m_FlipY: 0
  m_DrawMode: 0
  m_Size: {x: 1.01, y: 1.95}
  m_AdaptiveModeThreshold: 0.5
  m_SpriteTileMode: 0
  m_WasSpriteAssigned: 1
  m_MaskInteraction: 0
  m_SpriteSortPoint: 0
--- !u!95 &5366395714251287549
Animator:
  serializedVersion: 3
  m_ObjectHideFlags: 0
  m_CorrespondingSourceObject: {fileID: 0}
  m_PrefabInstance: {fileID: 0}
  m_PrefabAsset: {fileID: 0}
  m_GameObject: {fileID: 2049974035736379754}
  m_Enabled: 1
  m_Avatar: {fileID: 0}
  m_Controller: {fileID: 9100000, guid: 4ffa851a880db794dbef89a3b79c05dc, type: 2}
  m_CullingMode: 0
  m_UpdateMode: 0
  m_ApplyRootMotion: 0
  m_LinearVelocityBlending: 0
  m_WarningMessage: 
  m_HasTransformHierarchy: 1
  m_AllowConstantClipSamplingOptimization: 1
  m_KeepAnimatorControllerStateOnDisable: 0
--- !u!1 &4819824985197875621
GameObject:
  m_ObjectHideFlags: 0
  m_CorrespondingSourceObject: {fileID: 0}
  m_PrefabInstance: {fileID: 0}
  m_PrefabAsset: {fileID: 0}
  serializedVersion: 6
  m_Component:
  - component: {fileID: 8173955448605199645}
  m_Layer: 0
  m_Name: btns_audios
  m_TagString: Untagged
  m_Icon: {fileID: 0}
  m_NavMeshLayer: 0
  m_StaticEditorFlags: 0
  m_IsActive: 1
--- !u!224 &8173955448605199645
RectTransform:
  m_ObjectHideFlags: 0
  m_CorrespondingSourceObject: {fileID: 0}
  m_PrefabInstance: {fileID: 0}
  m_PrefabAsset: {fileID: 0}
  m_GameObject: {fileID: 4819824985197875621}
  m_LocalRotation: {x: -0, y: -0, z: 1.4551915e-11, w: 1}
  m_LocalPosition: {x: 0, y: 0, z: 0}
  m_LocalScale: {x: 1.00005, y: 1.0000486, z: 1.0000486}
  m_Children:
  - {fileID: 7794867664826403035}
  m_Father: {fileID: 7794867666475512028}
  m_RootOrder: 0
  m_LocalEulerAnglesHint: {x: 0, y: 0, z: 0}
  m_AnchorMin: {x: 0.5, y: 0.5}
  m_AnchorMax: {x: 0.5, y: 0.5}
  m_AnchoredPosition: {x: 0, y: 0}
  m_SizeDelta: {x: 100, y: 100}
  m_Pivot: {x: 0.5, y: 0.5}
--- !u!1 &5592402206254874439
GameObject:
  m_ObjectHideFlags: 0
  m_CorrespondingSourceObject: {fileID: 0}
  m_PrefabInstance: {fileID: 0}
  m_PrefabAsset: {fileID: 0}
  serializedVersion: 6
  m_Component:
  - component: {fileID: 2424476491217741202}
  - component: {fileID: 4269777155034422038}
  - component: {fileID: 2813961164378290830}
  m_Layer: 0
  m_Name: "ni\xF1os 1 (1)"
  m_TagString: Untagged
  m_Icon: {fileID: 0}
  m_NavMeshLayer: 0
  m_StaticEditorFlags: 0
  m_IsActive: 1
--- !u!4 &2424476491217741202
Transform:
  m_ObjectHideFlags: 0
  m_CorrespondingSourceObject: {fileID: 0}
  m_PrefabInstance: {fileID: 0}
  m_PrefabAsset: {fileID: 0}
  m_GameObject: {fileID: 5592402206254874439}
  m_LocalRotation: {x: 0.7071068, y: -0, z: -0, w: 0.7071068}
  m_LocalPosition: {x: -17.91211, y: 0.045536995, z: -40.83151}
  m_LocalScale: {x: 4.8688183, y: 4.868818, z: 4.868818}
  m_Children: []
  m_Father: {fileID: 7794867664457509096}
  m_RootOrder: 3
  m_LocalEulerAnglesHint: {x: 90, y: 0, z: 0}
--- !u!212 &4269777155034422038
SpriteRenderer:
  m_ObjectHideFlags: 0
  m_CorrespondingSourceObject: {fileID: 0}
  m_PrefabInstance: {fileID: 0}
  m_PrefabAsset: {fileID: 0}
  m_GameObject: {fileID: 5592402206254874439}
  m_Enabled: 1
  m_CastShadows: 0
  m_ReceiveShadows: 0
  m_DynamicOccludee: 1
  m_MotionVectors: 1
  m_LightProbeUsage: 1
  m_ReflectionProbeUsage: 1
  m_RayTracingMode: 0
  m_RayTraceProcedural: 0
  m_RenderingLayerMask: 1
  m_RendererPriority: 0
  m_Materials:
  - {fileID: 10754, guid: 0000000000000000f000000000000000, type: 0}
  m_StaticBatchInfo:
    firstSubMesh: 0
    subMeshCount: 0
  m_StaticBatchRoot: {fileID: 0}
  m_ProbeAnchor: {fileID: 0}
  m_LightProbeVolumeOverride: {fileID: 0}
  m_ScaleInLightmap: 1
  m_ReceiveGI: 1
  m_PreserveUVs: 0
  m_IgnoreNormalsForChartDetection: 0
  m_ImportantGI: 0
  m_StitchLightmapSeams: 1
  m_SelectedEditorRenderState: 0
  m_MinimumChartSize: 4
  m_AutoUVMaxDistance: 0.5
  m_AutoUVMaxAngle: 89
  m_LightmapParameters: {fileID: 0}
  m_SortingLayerID: 0
  m_SortingLayer: 0
  m_SortingOrder: 0
  m_Sprite: {fileID: -5936142501086707167, guid: 13dec37c11fcb184a9ceae0456208ca3,
    type: 3}
  m_Color: {r: 1, g: 1, b: 1, a: 1}
  m_FlipX: 0
  m_FlipY: 0
  m_DrawMode: 0
  m_Size: {x: 14.43, y: 14.4}
  m_AdaptiveModeThreshold: 0.5
  m_SpriteTileMode: 0
  m_WasSpriteAssigned: 1
  m_MaskInteraction: 0
  m_SpriteSortPoint: 0
--- !u!95 &2813961164378290830
Animator:
  serializedVersion: 3
  m_ObjectHideFlags: 0
  m_CorrespondingSourceObject: {fileID: 0}
  m_PrefabInstance: {fileID: 0}
  m_PrefabAsset: {fileID: 0}
  m_GameObject: {fileID: 5592402206254874439}
  m_Enabled: 1
  m_Avatar: {fileID: 0}
  m_Controller: {fileID: 9100000, guid: f42d14d8e696b584a921f8cee7125e18, type: 2}
  m_CullingMode: 0
  m_UpdateMode: 0
  m_ApplyRootMotion: 0
  m_LinearVelocityBlending: 0
  m_WarningMessage: 
  m_HasTransformHierarchy: 1
  m_AllowConstantClipSamplingOptimization: 1
  m_KeepAnimatorControllerStateOnDisable: 0
--- !u!1 &7794867664457509102
GameObject:
  m_ObjectHideFlags: 0
  m_CorrespondingSourceObject: {fileID: 0}
  m_PrefabInstance: {fileID: 0}
  m_PrefabAsset: {fileID: 0}
  serializedVersion: 6
  m_Component:
  - component: {fileID: 7794867664457509096}
  m_Layer: 0
  m_Name: Libro2_Pag6
  m_TagString: Book
  m_Icon: {fileID: 0}
  m_NavMeshLayer: 0
  m_StaticEditorFlags: 0
  m_IsActive: 1
--- !u!4 &7794867664457509096
Transform:
  m_ObjectHideFlags: 0
  m_CorrespondingSourceObject: {fileID: 0}
  m_PrefabInstance: {fileID: 0}
  m_PrefabAsset: {fileID: 0}
  m_GameObject: {fileID: 7794867664457509102}
  m_LocalRotation: {x: -0, y: -0, z: -0, w: 1}
  m_LocalPosition: {x: 0, y: 0, z: 0}
  m_LocalScale: {x: 1, y: 1, z: 1}
  m_Children:
  - {fileID: 7794867666475512028}
  - {fileID: 7794867664737842179}
  - {fileID: 3670969909020491765}
  - {fileID: 2424476491217741202}
  - {fileID: 7995260558102363470}
  - {fileID: 4848264773898709761}
  - {fileID: 4667798240772956597}
  m_Father: {fileID: 0}
  m_RootOrder: 0
  m_LocalEulerAnglesHint: {x: 0, y: 0, z: 0}
--- !u!1 &7794867664737842178
GameObject:
  m_ObjectHideFlags: 0
  m_CorrespondingSourceObject: {fileID: 0}
  m_PrefabInstance: {fileID: 0}
  m_PrefabAsset: {fileID: 0}
  serializedVersion: 6
  m_Component:
  - component: {fileID: 7794867664737842179}
  - component: {fileID: 7794867664737842176}
  m_Layer: 0
  m_Name: estrellas (2)
  m_TagString: Untagged
  m_Icon: {fileID: 0}
  m_NavMeshLayer: 0
  m_StaticEditorFlags: 0
  m_IsActive: 1
--- !u!4 &7794867664737842179
Transform:
  m_ObjectHideFlags: 0
  m_CorrespondingSourceObject: {fileID: 0}
  m_PrefabInstance: {fileID: 0}
  m_PrefabAsset: {fileID: 0}
  m_GameObject: {fileID: 7794867664737842178}
  m_LocalRotation: {x: 0.7071068, y: -0, z: -0, w: 0.7071068}
  m_LocalPosition: {x: -0.0009765625, y: 1.2147553, z: 55.726894}
  m_LocalScale: {x: 0.7633903, y: 0.7633902, z: 0.7633902}
  m_Children:
  - {fileID: 7794867665698019831}
  - {fileID: 7794867666396147656}
  m_Father: {fileID: 7794867664457509096}
  m_RootOrder: 1
  m_LocalEulerAnglesHint: {x: 0, y: 0, z: 0}
--- !u!95 &7794867664737842176
Animator:
  serializedVersion: 3
  m_ObjectHideFlags: 0
  m_CorrespondingSourceObject: {fileID: 0}
  m_PrefabInstance: {fileID: 0}
  m_PrefabAsset: {fileID: 0}
  m_GameObject: {fileID: 7794867664737842178}
  m_Enabled: 1
  m_Avatar: {fileID: 0}
  m_Controller: {fileID: 9100000, guid: 36f357749382be649ae30fe1fcf6346a, type: 2}
  m_CullingMode: 0
  m_UpdateMode: 0
  m_ApplyRootMotion: 0
  m_LinearVelocityBlending: 0
  m_WarningMessage: 
  m_HasTransformHierarchy: 1
  m_AllowConstantClipSamplingOptimization: 1
  m_KeepAnimatorControllerStateOnDisable: 0
--- !u!1 &7794867664826403034
GameObject:
  m_ObjectHideFlags: 0
  m_CorrespondingSourceObject: {fileID: 0}
  m_PrefabInstance: {fileID: 0}
  m_PrefabAsset: {fileID: 0}
  serializedVersion: 6
  m_Component:
  - component: {fileID: 7794867664826403035}
  - component: {fileID: 7794867664826402982}
  - component: {fileID: 7794867664826403033}
  - component: {fileID: 7794867664826403032}
  m_Layer: 0
  m_Name: helloteacheraudio
  m_TagString: Untagged
  m_Icon: {fileID: 0}
  m_NavMeshLayer: 0
  m_StaticEditorFlags: 0
  m_IsActive: 1
--- !u!224 &7794867664826403035
RectTransform:
  m_ObjectHideFlags: 0
  m_CorrespondingSourceObject: {fileID: 0}
  m_PrefabInstance: {fileID: 0}
  m_PrefabAsset: {fileID: 0}
  m_GameObject: {fileID: 7794867664826403034}
  m_LocalRotation: {x: -0, y: -0, z: -0, w: 1}
  m_LocalPosition: {x: 0, y: 0, z: -10.99947}
  m_LocalScale: {x: 0.8471754, y: 0.8471766, z: 0.8471766}
  m_Children: []
  m_Father: {fileID: 8173955448605199645}
  m_RootOrder: 0
  m_LocalEulerAnglesHint: {x: 0, y: 0, z: 0}
  m_AnchorMin: {x: 0.5, y: 0.5}
  m_AnchorMax: {x: 0.5, y: 0.5}
  m_AnchoredPosition: {x: -33.998302, y: -25.998722}
  m_SizeDelta: {x: 512, y: 512}
  m_Pivot: {x: 0.5, y: 0.5}
--- !u!222 &7794867664826402982
CanvasRenderer:
  m_ObjectHideFlags: 0
  m_CorrespondingSourceObject: {fileID: 0}
  m_PrefabInstance: {fileID: 0}
  m_PrefabAsset: {fileID: 0}
  m_GameObject: {fileID: 7794867664826403034}
  m_CullTransparentMesh: 0
--- !u!114 &7794867664826403033
MonoBehaviour:
  m_ObjectHideFlags: 0
  m_CorrespondingSourceObject: {fileID: 0}
  m_PrefabInstance: {fileID: 0}
  m_PrefabAsset: {fileID: 0}
  m_GameObject: {fileID: 7794867664826403034}
  m_Enabled: 1
  m_EditorHideFlags: 0
  m_Script: {fileID: 11500000, guid: fe87c0e1cc204ed48ad3b37840f39efc, type: 3}
  m_Name: 
  m_EditorClassIdentifier: 
  m_Material: {fileID: 0}
  m_Color: {r: 1, g: 1, b: 1, a: 1}
  m_RaycastTarget: 1
  m_RaycastPadding: {x: 0, y: 0, z: 0, w: 0}
  m_Maskable: 1
  m_OnCullStateChanged:
    m_PersistentCalls:
      m_Calls: []
  m_Sprite: {fileID: 21300000, guid: 35087903da7261848ad1b57faf24384d, type: 3}
  m_Type: 0
  m_PreserveAspect: 0
  m_FillCenter: 1
  m_FillMethod: 4
  m_FillAmount: 1
  m_FillClockwise: 1
  m_FillOrigin: 0
  m_UseSpriteMesh: 0
  m_PixelsPerUnitMultiplier: 1
--- !u!114 &7794867664826403032
MonoBehaviour:
  m_ObjectHideFlags: 0
  m_CorrespondingSourceObject: {fileID: 0}
  m_PrefabInstance: {fileID: 0}
  m_PrefabAsset: {fileID: 0}
  m_GameObject: {fileID: 7794867664826403034}
  m_Enabled: 1
  m_EditorHideFlags: 0
  m_Script: {fileID: 11500000, guid: 4e29b1a8efbd4b44bb3f3716e73f07ff, type: 3}
  m_Name: 
  m_EditorClassIdentifier: 
  m_Navigation:
    m_Mode: 3
    m_WrapAround: 0
    m_SelectOnUp: {fileID: 0}
    m_SelectOnDown: {fileID: 0}
    m_SelectOnLeft: {fileID: 0}
    m_SelectOnRight: {fileID: 0}
  m_Transition: 1
  m_Colors:
    m_NormalColor: {r: 1, g: 1, b: 1, a: 1}
    m_HighlightedColor: {r: 0.9607843, g: 0.9607843, b: 0.9607843, a: 1}
    m_PressedColor: {r: 0.78431374, g: 0.78431374, b: 0.78431374, a: 1}
    m_SelectedColor: {r: 0.9607843, g: 0.9607843, b: 0.9607843, a: 1}
    m_DisabledColor: {r: 0.78431374, g: 0.78431374, b: 0.78431374, a: 0.5019608}
    m_ColorMultiplier: 1
    m_FadeDuration: 0.1
  m_SpriteState:
    m_HighlightedSprite: {fileID: 0}
    m_PressedSprite: {fileID: 0}
    m_SelectedSprite: {fileID: 0}
    m_DisabledSprite: {fileID: 0}
  m_AnimationTriggers:
    m_NormalTrigger: Normal
    m_HighlightedTrigger: Highlighted
    m_PressedTrigger: Pressed
    m_SelectedTrigger: Selected
    m_DisabledTrigger: Disabled
  m_Interactable: 1
  m_TargetGraphic: {fileID: 7794867664826403033}
  m_OnClick:
    m_PersistentCalls:
      m_Calls: []
--- !u!1 &7794867665504798172
GameObject:
  m_ObjectHideFlags: 0
  m_CorrespondingSourceObject: {fileID: 0}
  m_PrefabInstance: {fileID: 0}
  m_PrefabAsset: {fileID: 0}
  serializedVersion: 6
  m_Component:
  - component: {fileID: 7794867665504798173}
  - component: {fileID: 7794867665504798170}
  m_Layer: 0
  m_Name: GameObject
  m_TagString: Untagged
  m_Icon: {fileID: 0}
  m_NavMeshLayer: 0
  m_StaticEditorFlags: 0
  m_IsActive: 1
--- !u!4 &7794867665504798173
Transform:
  m_ObjectHideFlags: 0
  m_CorrespondingSourceObject: {fileID: 0}
  m_PrefabInstance: {fileID: 0}
  m_PrefabAsset: {fileID: 0}
  m_GameObject: {fileID: 7794867665504798172}
  m_LocalRotation: {x: 0, y: 0, z: 0, w: 1}
  m_LocalPosition: {x: 2.18, y: 1.84, z: 0}
  m_LocalScale: {x: 1, y: 1, z: 1}
  m_Children: []
  m_Father: {fileID: 7794867665698019831}
  m_RootOrder: 0
  m_LocalEulerAnglesHint: {x: 0, y: 0, z: 0}
--- !u!96 &7794867665504798170
TrailRenderer:
  serializedVersion: 2
  m_ObjectHideFlags: 0
  m_CorrespondingSourceObject: {fileID: 0}
  m_PrefabInstance: {fileID: 0}
  m_PrefabAsset: {fileID: 0}
  m_GameObject: {fileID: 7794867665504798172}
  m_Enabled: 1
  m_CastShadows: 1
  m_ReceiveShadows: 1
  m_DynamicOccludee: 1
  m_MotionVectors: 0
  m_LightProbeUsage: 0
  m_ReflectionProbeUsage: 0
  m_RayTracingMode: 0
  m_RayTraceProcedural: 0
  m_RenderingLayerMask: 1
  m_RendererPriority: 0
  m_Materials:
  - {fileID: 10301, guid: 0000000000000000f000000000000000, type: 0}
  - {fileID: 10301, guid: 0000000000000000f000000000000000, type: 0}
  - {fileID: 10301, guid: 0000000000000000f000000000000000, type: 0}
  - {fileID: 10301, guid: 0000000000000000f000000000000000, type: 0}
  - {fileID: 10301, guid: 0000000000000000f000000000000000, type: 0}
  - {fileID: 10301, guid: 0000000000000000f000000000000000, type: 0}
  - {fileID: 10301, guid: 0000000000000000f000000000000000, type: 0}
  - {fileID: 10301, guid: 0000000000000000f000000000000000, type: 0}
  - {fileID: 10301, guid: 0000000000000000f000000000000000, type: 0}
  - {fileID: 10301, guid: 0000000000000000f000000000000000, type: 0}
  - {fileID: 10301, guid: 0000000000000000f000000000000000, type: 0}
  - {fileID: 10301, guid: 0000000000000000f000000000000000, type: 0}
  - {fileID: 10301, guid: 0000000000000000f000000000000000, type: 0}
  - {fileID: 10301, guid: 0000000000000000f000000000000000, type: 0}
  - {fileID: 10301, guid: 0000000000000000f000000000000000, type: 0}
  - {fileID: 10301, guid: 0000000000000000f000000000000000, type: 0}
  - {fileID: 10301, guid: 0000000000000000f000000000000000, type: 0}
  - {fileID: 10301, guid: 0000000000000000f000000000000000, type: 0}
  - {fileID: 10301, guid: 0000000000000000f000000000000000, type: 0}
  - {fileID: 10301, guid: 0000000000000000f000000000000000, type: 0}
  - {fileID: 10301, guid: 0000000000000000f000000000000000, type: 0}
  - {fileID: 10301, guid: 0000000000000000f000000000000000, type: 0}
  - {fileID: 10301, guid: 0000000000000000f000000000000000, type: 0}
  - {fileID: 10301, guid: 0000000000000000f000000000000000, type: 0}
  - {fileID: 10301, guid: 0000000000000000f000000000000000, type: 0}
  - {fileID: 10301, guid: 0000000000000000f000000000000000, type: 0}
  - {fileID: 10301, guid: 0000000000000000f000000000000000, type: 0}
  - {fileID: 10301, guid: 0000000000000000f000000000000000, type: 0}
  - {fileID: 10301, guid: 0000000000000000f000000000000000, type: 0}
  - {fileID: 10301, guid: 0000000000000000f000000000000000, type: 0}
  - {fileID: 10301, guid: 0000000000000000f000000000000000, type: 0}
  - {fileID: 10301, guid: 0000000000000000f000000000000000, type: 0}
  - {fileID: 10301, guid: 0000000000000000f000000000000000, type: 0}
  - {fileID: 10301, guid: 0000000000000000f000000000000000, type: 0}
  - {fileID: 10301, guid: 0000000000000000f000000000000000, type: 0}
  - {fileID: 10301, guid: 0000000000000000f000000000000000, type: 0}
  - {fileID: 10301, guid: 0000000000000000f000000000000000, type: 0}
  - {fileID: 10301, guid: 0000000000000000f000000000000000, type: 0}
  - {fileID: 10301, guid: 0000000000000000f000000000000000, type: 0}
  - {fileID: 10301, guid: 0000000000000000f000000000000000, type: 0}
  - {fileID: 10301, guid: 0000000000000000f000000000000000, type: 0}
  - {fileID: 10301, guid: 0000000000000000f000000000000000, type: 0}
  - {fileID: 10301, guid: 0000000000000000f000000000000000, type: 0}
  - {fileID: 10301, guid: 0000000000000000f000000000000000, type: 0}
  - {fileID: 10301, guid: 0000000000000000f000000000000000, type: 0}
  - {fileID: 10301, guid: 0000000000000000f000000000000000, type: 0}
  - {fileID: 10301, guid: 0000000000000000f000000000000000, type: 0}
  - {fileID: 10301, guid: 0000000000000000f000000000000000, type: 0}
  - {fileID: 10301, guid: 0000000000000000f000000000000000, type: 0}
  - {fileID: 10301, guid: 0000000000000000f000000000000000, type: 0}
  - {fileID: 10301, guid: 0000000000000000f000000000000000, type: 0}
  - {fileID: 10301, guid: 0000000000000000f000000000000000, type: 0}
  - {fileID: 10301, guid: 0000000000000000f000000000000000, type: 0}
  - {fileID: 10301, guid: 0000000000000000f000000000000000, type: 0}
  - {fileID: 10301, guid: 0000000000000000f000000000000000, type: 0}
  - {fileID: 10301, guid: 0000000000000000f000000000000000, type: 0}
  - {fileID: 10301, guid: 0000000000000000f000000000000000, type: 0}
  - {fileID: 10301, guid: 0000000000000000f000000000000000, type: 0}
  - {fileID: 10301, guid: 0000000000000000f000000000000000, type: 0}
  - {fileID: 10301, guid: 0000000000000000f000000000000000, type: 0}
  - {fileID: 10301, guid: 0000000000000000f000000000000000, type: 0}
  - {fileID: 10301, guid: 0000000000000000f000000000000000, type: 0}
  - {fileID: 10301, guid: 0000000000000000f000000000000000, type: 0}
  - {fileID: 10301, guid: 0000000000000000f000000000000000, type: 0}
  - {fileID: 10301, guid: 0000000000000000f000000000000000, type: 0}
  - {fileID: 10301, guid: 0000000000000000f000000000000000, type: 0}
  - {fileID: 10301, guid: 0000000000000000f000000000000000, type: 0}
  - {fileID: 10301, guid: 0000000000000000f000000000000000, type: 0}
  - {fileID: 10301, guid: 0000000000000000f000000000000000, type: 0}
  - {fileID: 10301, guid: 0000000000000000f000000000000000, type: 0}
  - {fileID: 10301, guid: 0000000000000000f000000000000000, type: 0}
  - {fileID: 10301, guid: 0000000000000000f000000000000000, type: 0}
  - {fileID: 10301, guid: 0000000000000000f000000000000000, type: 0}
  - {fileID: 10301, guid: 0000000000000000f000000000000000, type: 0}
  - {fileID: 10301, guid: 0000000000000000f000000000000000, type: 0}
  - {fileID: 10301, guid: 0000000000000000f000000000000000, type: 0}
  - {fileID: 10301, guid: 0000000000000000f000000000000000, type: 0}
  - {fileID: 10301, guid: 0000000000000000f000000000000000, type: 0}
  - {fileID: 10301, guid: 0000000000000000f000000000000000, type: 0}
  - {fileID: 10301, guid: 0000000000000000f000000000000000, type: 0}
  - {fileID: 10301, guid: 0000000000000000f000000000000000, type: 0}
  - {fileID: 10301, guid: 0000000000000000f000000000000000, type: 0}
  - {fileID: 10301, guid: 0000000000000000f000000000000000, type: 0}
  - {fileID: 10301, guid: 0000000000000000f000000000000000, type: 0}
  - {fileID: 10301, guid: 0000000000000000f000000000000000, type: 0}
  - {fileID: 10301, guid: 0000000000000000f000000000000000, type: 0}
  - {fileID: 10301, guid: 0000000000000000f000000000000000, type: 0}
  - {fileID: 10301, guid: 0000000000000000f000000000000000, type: 0}
  - {fileID: 10301, guid: 0000000000000000f000000000000000, type: 0}
  - {fileID: 10301, guid: 0000000000000000f000000000000000, type: 0}
  - {fileID: 10301, guid: 0000000000000000f000000000000000, type: 0}
  - {fileID: 10301, guid: 0000000000000000f000000000000000, type: 0}
  - {fileID: 10301, guid: 0000000000000000f000000000000000, type: 0}
  - {fileID: 10301, guid: 0000000000000000f000000000000000, type: 0}
  - {fileID: 10301, guid: 0000000000000000f000000000000000, type: 0}
  - {fileID: 10301, guid: 0000000000000000f000000000000000, type: 0}
  - {fileID: 10301, guid: 0000000000000000f000000000000000, type: 0}
  - {fileID: 10301, guid: 0000000000000000f000000000000000, type: 0}
  - {fileID: 10301, guid: 0000000000000000f000000000000000, type: 0}
  - {fileID: 10301, guid: 0000000000000000f000000000000000, type: 0}
  - {fileID: 10301, guid: 0000000000000000f000000000000000, type: 0}
  - {fileID: 10301, guid: 0000000000000000f000000000000000, type: 0}
  - {fileID: 10301, guid: 0000000000000000f000000000000000, type: 0}
  - {fileID: 10301, guid: 0000000000000000f000000000000000, type: 0}
  - {fileID: 10301, guid: 0000000000000000f000000000000000, type: 0}
  - {fileID: 10301, guid: 0000000000000000f000000000000000, type: 0}
  - {fileID: 10301, guid: 0000000000000000f000000000000000, type: 0}
  - {fileID: 10301, guid: 0000000000000000f000000000000000, type: 0}
  - {fileID: 10301, guid: 0000000000000000f000000000000000, type: 0}
  - {fileID: 10301, guid: 0000000000000000f000000000000000, type: 0}
  - {fileID: 10301, guid: 0000000000000000f000000000000000, type: 0}
  - {fileID: 10301, guid: 0000000000000000f000000000000000, type: 0}
  - {fileID: 10301, guid: 0000000000000000f000000000000000, type: 0}
  - {fileID: 10301, guid: 0000000000000000f000000000000000, type: 0}
  - {fileID: 10301, guid: 0000000000000000f000000000000000, type: 0}
  - {fileID: 10301, guid: 0000000000000000f000000000000000, type: 0}
  - {fileID: 10301, guid: 0000000000000000f000000000000000, type: 0}
  - {fileID: 10301, guid: 0000000000000000f000000000000000, type: 0}
  - {fileID: 10301, guid: 0000000000000000f000000000000000, type: 0}
  - {fileID: 10301, guid: 0000000000000000f000000000000000, type: 0}
  - {fileID: 10301, guid: 0000000000000000f000000000000000, type: 0}
  - {fileID: 10301, guid: 0000000000000000f000000000000000, type: 0}
  - {fileID: 10301, guid: 0000000000000000f000000000000000, type: 0}
  - {fileID: 10301, guid: 0000000000000000f000000000000000, type: 0}
  - {fileID: 10301, guid: 0000000000000000f000000000000000, type: 0}
  - {fileID: 10301, guid: 0000000000000000f000000000000000, type: 0}
  - {fileID: 10301, guid: 0000000000000000f000000000000000, type: 0}
  - {fileID: 10301, guid: 0000000000000000f000000000000000, type: 0}
  - {fileID: 10301, guid: 0000000000000000f000000000000000, type: 0}
  - {fileID: 10301, guid: 0000000000000000f000000000000000, type: 0}
  - {fileID: 10301, guid: 0000000000000000f000000000000000, type: 0}
  - {fileID: 10301, guid: 0000000000000000f000000000000000, type: 0}
  - {fileID: 10301, guid: 0000000000000000f000000000000000, type: 0}
  - {fileID: 10301, guid: 0000000000000000f000000000000000, type: 0}
  - {fileID: 10301, guid: 0000000000000000f000000000000000, type: 0}
  - {fileID: 10301, guid: 0000000000000000f000000000000000, type: 0}
  - {fileID: 10301, guid: 0000000000000000f000000000000000, type: 0}
  - {fileID: 10301, guid: 0000000000000000f000000000000000, type: 0}
  - {fileID: 10301, guid: 0000000000000000f000000000000000, type: 0}
  - {fileID: 10301, guid: 0000000000000000f000000000000000, type: 0}
  - {fileID: 10301, guid: 0000000000000000f000000000000000, type: 0}
  - {fileID: 10301, guid: 0000000000000000f000000000000000, type: 0}
  - {fileID: 10301, guid: 0000000000000000f000000000000000, type: 0}
  - {fileID: 10301, guid: 0000000000000000f000000000000000, type: 0}
  - {fileID: 10301, guid: 0000000000000000f000000000000000, type: 0}
  - {fileID: 10301, guid: 0000000000000000f000000000000000, type: 0}
  - {fileID: 10301, guid: 0000000000000000f000000000000000, type: 0}
  - {fileID: 10301, guid: 0000000000000000f000000000000000, type: 0}
  - {fileID: 10301, guid: 0000000000000000f000000000000000, type: 0}
  - {fileID: 10301, guid: 0000000000000000f000000000000000, type: 0}
  - {fileID: 10301, guid: 0000000000000000f000000000000000, type: 0}
  m_StaticBatchInfo:
    firstSubMesh: 0
    subMeshCount: 0
  m_StaticBatchRoot: {fileID: 0}
  m_ProbeAnchor: {fileID: 0}
  m_LightProbeVolumeOverride: {fileID: 0}
  m_ScaleInLightmap: 1
  m_ReceiveGI: 1
  m_PreserveUVs: 0
  m_IgnoreNormalsForChartDetection: 0
  m_ImportantGI: 0
  m_StitchLightmapSeams: 1
  m_SelectedEditorRenderState: 3
  m_MinimumChartSize: 4
  m_AutoUVMaxDistance: 0.5
  m_AutoUVMaxAngle: 89
  m_LightmapParameters: {fileID: 0}
  m_SortingLayerID: 0
  m_SortingLayer: 0
  m_SortingOrder: 0
  m_Time: 0.5
  m_Parameters:
    serializedVersion: 3
    widthMultiplier: 1
    widthCurve:
      serializedVersion: 2
      m_Curve:
      - serializedVersion: 3
        time: 0
        value: 1
        inSlope: 0
        outSlope: 0
        tangentMode: 0
        weightedMode: 0
        inWeight: 0.33333334
        outWeight: 0.33333334
      - serializedVersion: 3
        time: 0.47118646
        value: 0.546875
        inSlope: 0
        outSlope: 0
        tangentMode: 0
        weightedMode: 0
        inWeight: 0
        outWeight: 0
      - serializedVersion: 3
        time: 0.81355935
        value: 0.3125
        inSlope: 0
        outSlope: 0
        tangentMode: 0
        weightedMode: 0
        inWeight: 0
        outWeight: 0
      m_PreInfinity: 2
      m_PostInfinity: 2
      m_RotationOrder: 4
    colorGradient:
      serializedVersion: 2
      key0: {r: 0.9607844, g: 1, b: 0, a: 1}
      key1: {r: 0.051886797, g: 1, b: 0.77911556, a: 1}
      key2: {r: 0, g: 0, b: 0, a: 0}
      key3: {r: 0, g: 0, b: 0, a: 0}
      key4: {r: 0, g: 0, b: 0, a: 0}
      key5: {r: 0, g: 0, b: 0, a: 0}
      key6: {r: 0, g: 0, b: 0, a: 0}
      key7: {r: 0, g: 0, b: 0, a: 0}
      ctime0: 7517
      ctime1: 46646
      ctime2: 0
      ctime3: 0
      ctime4: 0
      ctime5: 0
      ctime6: 0
      ctime7: 0
      atime0: 0
      atime1: 65535
      atime2: 0
      atime3: 0
      atime4: 0
      atime5: 0
      atime6: 0
      atime7: 0
      m_Mode: 0
      m_NumColorKeys: 2
      m_NumAlphaKeys: 2
    numCornerVertices: 0
    numCapVertices: 0
    alignment: 0
    textureMode: 0
    shadowBias: 0.5
    generateLightingData: 0
  m_MinVertexDistance: 0.1
  m_Autodestruct: 0
  m_Emitting: 1
--- !u!1 &7794867665698019830
GameObject:
  m_ObjectHideFlags: 0
  m_CorrespondingSourceObject: {fileID: 0}
  m_PrefabInstance: {fileID: 0}
  m_PrefabAsset: {fileID: 0}
  serializedVersion: 6
  m_Component:
  - component: {fileID: 7794867665698019831}
  - component: {fileID: 7794867665698019826}
  - component: {fileID: 7794867665698019829}
  - component: {fileID: 7794867665698019828}
  m_Layer: 0
  m_Name: estrella2 (2)
  m_TagString: Untagged
  m_Icon: {fileID: 0}
  m_NavMeshLayer: 0
  m_StaticEditorFlags: 0
  m_IsActive: 1
--- !u!4 &7794867665698019831
Transform:
  m_ObjectHideFlags: 0
  m_CorrespondingSourceObject: {fileID: 0}
  m_PrefabInstance: {fileID: 0}
  m_PrefabAsset: {fileID: 0}
  m_GameObject: {fileID: 7794867665698019830}
  m_LocalRotation: {x: -0, y: -0, z: -0, w: 1}
  m_LocalPosition: {x: 72.69848, y: 0, z: 0}
  m_LocalScale: {x: 1, y: 1, z: 1}
  m_Children:
  - {fileID: 7794867665504798173}
  m_Father: {fileID: 7794867664737842179}
  m_RootOrder: 0
  m_LocalEulerAnglesHint: {x: 90, y: 0, z: 0}
--- !u!212 &7794867665698019826
SpriteRenderer:
  m_ObjectHideFlags: 0
  m_CorrespondingSourceObject: {fileID: 0}
  m_PrefabInstance: {fileID: 0}
  m_PrefabAsset: {fileID: 0}
  m_GameObject: {fileID: 7794867665698019830}
  m_Enabled: 1
  m_CastShadows: 0
  m_ReceiveShadows: 0
  m_DynamicOccludee: 1
  m_MotionVectors: 1
  m_LightProbeUsage: 1
  m_ReflectionProbeUsage: 1
  m_RayTracingMode: 0
  m_RayTraceProcedural: 0
  m_RenderingLayerMask: 1
  m_RendererPriority: 0
  m_Materials:
  - {fileID: 10754, guid: 0000000000000000f000000000000000, type: 0}
  m_StaticBatchInfo:
    firstSubMesh: 0
    subMeshCount: 0
  m_StaticBatchRoot: {fileID: 0}
  m_ProbeAnchor: {fileID: 0}
  m_LightProbeVolumeOverride: {fileID: 0}
  m_ScaleInLightmap: 1
  m_ReceiveGI: 1
  m_PreserveUVs: 0
  m_IgnoreNormalsForChartDetection: 0
  m_ImportantGI: 0
  m_StitchLightmapSeams: 1
  m_SelectedEditorRenderState: 0
  m_MinimumChartSize: 4
  m_AutoUVMaxDistance: 0.5
  m_AutoUVMaxAngle: 89
  m_LightmapParameters: {fileID: 0}
  m_SortingLayerID: 0
  m_SortingLayer: 0
  m_SortingOrder: 0
  m_Sprite: {fileID: 21300000, guid: e30e636c02ecf9349a83580377fea95c, type: 3}
  m_Color: {r: 0.96055627, g: 1, b: 0, a: 1}
  m_FlipX: 0
  m_FlipY: 0
  m_DrawMode: 0
  m_Size: {x: 10.24, y: 10.24}
  m_AdaptiveModeThreshold: 0.5
  m_SpriteTileMode: 0
  m_WasSpriteAssigned: 1
  m_MaskInteraction: 0
  m_SpriteSortPoint: 0
--- !u!96 &7794867665698019829
TrailRenderer:
  serializedVersion: 2
  m_ObjectHideFlags: 0
  m_CorrespondingSourceObject: {fileID: 0}
  m_PrefabInstance: {fileID: 0}
  m_PrefabAsset: {fileID: 0}
  m_GameObject: {fileID: 7794867665698019830}
  m_Enabled: 1
  m_CastShadows: 1
  m_ReceiveShadows: 1
  m_DynamicOccludee: 1
  m_MotionVectors: 0
  m_LightProbeUsage: 0
  m_ReflectionProbeUsage: 0
  m_RayTracingMode: 0
  m_RayTraceProcedural: 0
  m_RenderingLayerMask: 1
  m_RendererPriority: 0
  m_Materials:
  - {fileID: 10301, guid: 0000000000000000f000000000000000, type: 0}
  - {fileID: 10301, guid: 0000000000000000f000000000000000, type: 0}
  - {fileID: 10301, guid: 0000000000000000f000000000000000, type: 0}
  - {fileID: 10301, guid: 0000000000000000f000000000000000, type: 0}
  - {fileID: 10301, guid: 0000000000000000f000000000000000, type: 0}
  - {fileID: 10301, guid: 0000000000000000f000000000000000, type: 0}
  - {fileID: 10301, guid: 0000000000000000f000000000000000, type: 0}
  - {fileID: 10301, guid: 0000000000000000f000000000000000, type: 0}
  - {fileID: 10301, guid: 0000000000000000f000000000000000, type: 0}
  - {fileID: 10301, guid: 0000000000000000f000000000000000, type: 0}
  - {fileID: 10301, guid: 0000000000000000f000000000000000, type: 0}
  - {fileID: 10301, guid: 0000000000000000f000000000000000, type: 0}
  - {fileID: 10301, guid: 0000000000000000f000000000000000, type: 0}
  - {fileID: 10301, guid: 0000000000000000f000000000000000, type: 0}
  - {fileID: 10301, guid: 0000000000000000f000000000000000, type: 0}
  - {fileID: 10301, guid: 0000000000000000f000000000000000, type: 0}
  - {fileID: 10301, guid: 0000000000000000f000000000000000, type: 0}
  - {fileID: 10301, guid: 0000000000000000f000000000000000, type: 0}
  - {fileID: 10301, guid: 0000000000000000f000000000000000, type: 0}
  - {fileID: 10301, guid: 0000000000000000f000000000000000, type: 0}
  - {fileID: 10301, guid: 0000000000000000f000000000000000, type: 0}
  - {fileID: 10301, guid: 0000000000000000f000000000000000, type: 0}
  - {fileID: 10301, guid: 0000000000000000f000000000000000, type: 0}
  - {fileID: 10301, guid: 0000000000000000f000000000000000, type: 0}
  - {fileID: 10301, guid: 0000000000000000f000000000000000, type: 0}
  - {fileID: 10301, guid: 0000000000000000f000000000000000, type: 0}
  - {fileID: 10301, guid: 0000000000000000f000000000000000, type: 0}
  - {fileID: 10301, guid: 0000000000000000f000000000000000, type: 0}
  - {fileID: 10301, guid: 0000000000000000f000000000000000, type: 0}
  - {fileID: 10301, guid: 0000000000000000f000000000000000, type: 0}
  - {fileID: 10301, guid: 0000000000000000f000000000000000, type: 0}
  - {fileID: 10301, guid: 0000000000000000f000000000000000, type: 0}
  - {fileID: 10301, guid: 0000000000000000f000000000000000, type: 0}
  - {fileID: 10301, guid: 0000000000000000f000000000000000, type: 0}
  - {fileID: 10301, guid: 0000000000000000f000000000000000, type: 0}
  - {fileID: 10301, guid: 0000000000000000f000000000000000, type: 0}
  - {fileID: 10301, guid: 0000000000000000f000000000000000, type: 0}
  - {fileID: 10301, guid: 0000000000000000f000000000000000, type: 0}
  - {fileID: 10301, guid: 0000000000000000f000000000000000, type: 0}
  - {fileID: 10301, guid: 0000000000000000f000000000000000, type: 0}
  - {fileID: 10301, guid: 0000000000000000f000000000000000, type: 0}
  - {fileID: 10301, guid: 0000000000000000f000000000000000, type: 0}
  - {fileID: 10301, guid: 0000000000000000f000000000000000, type: 0}
  - {fileID: 10301, guid: 0000000000000000f000000000000000, type: 0}
  - {fileID: 10301, guid: 0000000000000000f000000000000000, type: 0}
  - {fileID: 10301, guid: 0000000000000000f000000000000000, type: 0}
  - {fileID: 10301, guid: 0000000000000000f000000000000000, type: 0}
  - {fileID: 10301, guid: 0000000000000000f000000000000000, type: 0}
  - {fileID: 10301, guid: 0000000000000000f000000000000000, type: 0}
  - {fileID: 10301, guid: 0000000000000000f000000000000000, type: 0}
  - {fileID: 10301, guid: 0000000000000000f000000000000000, type: 0}
  - {fileID: 10301, guid: 0000000000000000f000000000000000, type: 0}
  - {fileID: 10301, guid: 0000000000000000f000000000000000, type: 0}
  - {fileID: 10301, guid: 0000000000000000f000000000000000, type: 0}
  - {fileID: 10301, guid: 0000000000000000f000000000000000, type: 0}
  - {fileID: 10301, guid: 0000000000000000f000000000000000, type: 0}
  - {fileID: 10301, guid: 0000000000000000f000000000000000, type: 0}
  - {fileID: 10301, guid: 0000000000000000f000000000000000, type: 0}
  - {fileID: 10301, guid: 0000000000000000f000000000000000, type: 0}
  - {fileID: 10301, guid: 0000000000000000f000000000000000, type: 0}
  - {fileID: 10301, guid: 0000000000000000f000000000000000, type: 0}
  - {fileID: 10301, guid: 0000000000000000f000000000000000, type: 0}
  - {fileID: 10301, guid: 0000000000000000f000000000000000, type: 0}
  - {fileID: 10301, guid: 0000000000000000f000000000000000, type: 0}
  - {fileID: 10301, guid: 0000000000000000f000000000000000, type: 0}
  - {fileID: 10301, guid: 0000000000000000f000000000000000, type: 0}
  - {fileID: 10301, guid: 0000000000000000f000000000000000, type: 0}
  - {fileID: 10301, guid: 0000000000000000f000000000000000, type: 0}
  - {fileID: 10301, guid: 0000000000000000f000000000000000, type: 0}
  - {fileID: 10301, guid: 0000000000000000f000000000000000, type: 0}
  - {fileID: 10301, guid: 0000000000000000f000000000000000, type: 0}
  - {fileID: 10301, guid: 0000000000000000f000000000000000, type: 0}
  - {fileID: 10301, guid: 0000000000000000f000000000000000, type: 0}
  - {fileID: 10301, guid: 0000000000000000f000000000000000, type: 0}
  - {fileID: 10301, guid: 0000000000000000f000000000000000, type: 0}
  - {fileID: 10301, guid: 0000000000000000f000000000000000, type: 0}
  - {fileID: 10301, guid: 0000000000000000f000000000000000, type: 0}
  - {fileID: 10301, guid: 0000000000000000f000000000000000, type: 0}
  - {fileID: 10301, guid: 0000000000000000f000000000000000, type: 0}
  - {fileID: 10301, guid: 0000000000000000f000000000000000, type: 0}
  - {fileID: 10301, guid: 0000000000000000f000000000000000, type: 0}
  - {fileID: 10301, guid: 0000000000000000f000000000000000, type: 0}
  - {fileID: 10301, guid: 0000000000000000f000000000000000, type: 0}
  - {fileID: 10301, guid: 0000000000000000f000000000000000, type: 0}
  - {fileID: 10301, guid: 0000000000000000f000000000000000, type: 0}
  - {fileID: 10301, guid: 0000000000000000f000000000000000, type: 0}
  - {fileID: 10301, guid: 0000000000000000f000000000000000, type: 0}
  - {fileID: 10301, guid: 0000000000000000f000000000000000, type: 0}
  - {fileID: 10301, guid: 0000000000000000f000000000000000, type: 0}
  - {fileID: 10301, guid: 0000000000000000f000000000000000, type: 0}
  - {fileID: 10301, guid: 0000000000000000f000000000000000, type: 0}
  - {fileID: 10301, guid: 0000000000000000f000000000000000, type: 0}
  - {fileID: 10301, guid: 0000000000000000f000000000000000, type: 0}
  - {fileID: 10301, guid: 0000000000000000f000000000000000, type: 0}
  - {fileID: 10301, guid: 0000000000000000f000000000000000, type: 0}
  - {fileID: 10301, guid: 0000000000000000f000000000000000, type: 0}
  - {fileID: 10301, guid: 0000000000000000f000000000000000, type: 0}
  - {fileID: 10301, guid: 0000000000000000f000000000000000, type: 0}
  - {fileID: 10301, guid: 0000000000000000f000000000000000, type: 0}
  - {fileID: 10301, guid: 0000000000000000f000000000000000, type: 0}
  - {fileID: 10301, guid: 0000000000000000f000000000000000, type: 0}
  - {fileID: 10301, guid: 0000000000000000f000000000000000, type: 0}
  - {fileID: 10301, guid: 0000000000000000f000000000000000, type: 0}
  - {fileID: 10301, guid: 0000000000000000f000000000000000, type: 0}
  - {fileID: 10301, guid: 0000000000000000f000000000000000, type: 0}
  - {fileID: 10301, guid: 0000000000000000f000000000000000, type: 0}
  - {fileID: 10301, guid: 0000000000000000f000000000000000, type: 0}
  - {fileID: 10301, guid: 0000000000000000f000000000000000, type: 0}
  - {fileID: 10301, guid: 0000000000000000f000000000000000, type: 0}
  - {fileID: 10301, guid: 0000000000000000f000000000000000, type: 0}
  - {fileID: 10301, guid: 0000000000000000f000000000000000, type: 0}
  - {fileID: 10301, guid: 0000000000000000f000000000000000, type: 0}
  - {fileID: 10301, guid: 0000000000000000f000000000000000, type: 0}
  - {fileID: 10301, guid: 0000000000000000f000000000000000, type: 0}
  - {fileID: 10301, guid: 0000000000000000f000000000000000, type: 0}
  - {fileID: 10301, guid: 0000000000000000f000000000000000, type: 0}
  - {fileID: 10301, guid: 0000000000000000f000000000000000, type: 0}
  - {fileID: 10301, guid: 0000000000000000f000000000000000, type: 0}
  - {fileID: 10301, guid: 0000000000000000f000000000000000, type: 0}
  - {fileID: 10301, guid: 0000000000000000f000000000000000, type: 0}
  - {fileID: 10301, guid: 0000000000000000f000000000000000, type: 0}
  - {fileID: 10301, guid: 0000000000000000f000000000000000, type: 0}
  - {fileID: 10301, guid: 0000000000000000f000000000000000, type: 0}
  - {fileID: 10301, guid: 0000000000000000f000000000000000, type: 0}
  - {fileID: 10301, guid: 0000000000000000f000000000000000, type: 0}
  - {fileID: 10301, guid: 0000000000000000f000000000000000, type: 0}
  - {fileID: 10301, guid: 0000000000000000f000000000000000, type: 0}
  - {fileID: 10301, guid: 0000000000000000f000000000000000, type: 0}
  - {fileID: 10301, guid: 0000000000000000f000000000000000, type: 0}
  - {fileID: 10301, guid: 0000000000000000f000000000000000, type: 0}
  - {fileID: 10301, guid: 0000000000000000f000000000000000, type: 0}
  - {fileID: 10301, guid: 0000000000000000f000000000000000, type: 0}
  - {fileID: 10301, guid: 0000000000000000f000000000000000, type: 0}
  - {fileID: 10301, guid: 0000000000000000f000000000000000, type: 0}
  - {fileID: 10301, guid: 0000000000000000f000000000000000, type: 0}
  - {fileID: 10301, guid: 0000000000000000f000000000000000, type: 0}
  - {fileID: 10301, guid: 0000000000000000f000000000000000, type: 0}
  - {fileID: 10301, guid: 0000000000000000f000000000000000, type: 0}
  - {fileID: 10301, guid: 0000000000000000f000000000000000, type: 0}
  - {fileID: 10301, guid: 0000000000000000f000000000000000, type: 0}
  - {fileID: 10301, guid: 0000000000000000f000000000000000, type: 0}
  - {fileID: 10301, guid: 0000000000000000f000000000000000, type: 0}
  - {fileID: 10301, guid: 0000000000000000f000000000000000, type: 0}
  - {fileID: 10301, guid: 0000000000000000f000000000000000, type: 0}
  - {fileID: 10301, guid: 0000000000000000f000000000000000, type: 0}
  - {fileID: 10301, guid: 0000000000000000f000000000000000, type: 0}
  - {fileID: 10301, guid: 0000000000000000f000000000000000, type: 0}
  - {fileID: 10301, guid: 0000000000000000f000000000000000, type: 0}
  - {fileID: 10301, guid: 0000000000000000f000000000000000, type: 0}
  - {fileID: 10301, guid: 0000000000000000f000000000000000, type: 0}
  - {fileID: 10301, guid: 0000000000000000f000000000000000, type: 0}
  m_StaticBatchInfo:
    firstSubMesh: 0
    subMeshCount: 0
  m_StaticBatchRoot: {fileID: 0}
  m_ProbeAnchor: {fileID: 0}
  m_LightProbeVolumeOverride: {fileID: 0}
  m_ScaleInLightmap: 1
  m_ReceiveGI: 1
  m_PreserveUVs: 0
  m_IgnoreNormalsForChartDetection: 0
  m_ImportantGI: 0
  m_StitchLightmapSeams: 1
  m_SelectedEditorRenderState: 3
  m_MinimumChartSize: 4
  m_AutoUVMaxDistance: 0.5
  m_AutoUVMaxAngle: 89
  m_LightmapParameters: {fileID: 0}
  m_SortingLayerID: 0
  m_SortingLayer: 0
  m_SortingOrder: 0
  m_Time: 0.5
  m_Parameters:
    serializedVersion: 3
    widthMultiplier: 1
    widthCurve:
      serializedVersion: 2
      m_Curve:
      - serializedVersion: 3
        time: 0
        value: 1
        inSlope: 0
        outSlope: 0
        tangentMode: 0
        weightedMode: 0
        inWeight: 0.33333334
        outWeight: 0.33333334
      - serializedVersion: 3
        time: 0.47118646
        value: 0.546875
        inSlope: 0
        outSlope: 0
        tangentMode: 0
        weightedMode: 0
        inWeight: 0
        outWeight: 0
      - serializedVersion: 3
        time: 0.81355935
        value: 0.3125
        inSlope: 0
        outSlope: 0
        tangentMode: 0
        weightedMode: 0
        inWeight: 0
        outWeight: 0
      m_PreInfinity: 2
      m_PostInfinity: 2
      m_RotationOrder: 4
    colorGradient:
      serializedVersion: 2
      key0: {r: 0.9607844, g: 1, b: 0, a: 1}
      key1: {r: 0.051886797, g: 1, b: 0.77911556, a: 1}
      key2: {r: 0, g: 0, b: 0, a: 0}
      key3: {r: 0, g: 0, b: 0, a: 0}
      key4: {r: 0, g: 0, b: 0, a: 0}
      key5: {r: 0, g: 0, b: 0, a: 0}
      key6: {r: 0, g: 0, b: 0, a: 0}
      key7: {r: 0, g: 0, b: 0, a: 0}
      ctime0: 7517
      ctime1: 46646
      ctime2: 0
      ctime3: 0
      ctime4: 0
      ctime5: 0
      ctime6: 0
      ctime7: 0
      atime0: 0
      atime1: 65535
      atime2: 0
      atime3: 0
      atime4: 0
      atime5: 0
      atime6: 0
      atime7: 0
      m_Mode: 0
      m_NumColorKeys: 2
      m_NumAlphaKeys: 2
    numCornerVertices: 0
    numCapVertices: 0
    alignment: 0
    textureMode: 0
    shadowBias: 0.5
    generateLightingData: 0
  m_MinVertexDistance: 0.1
  m_Autodestruct: 0
  m_Emitting: 1
--- !u!95 &7794867665698019828
Animator:
  serializedVersion: 3
  m_ObjectHideFlags: 0
  m_CorrespondingSourceObject: {fileID: 0}
  m_PrefabInstance: {fileID: 0}
  m_PrefabAsset: {fileID: 0}
  m_GameObject: {fileID: 7794867665698019830}
  m_Enabled: 1
  m_Avatar: {fileID: 0}
  m_Controller: {fileID: 0}
  m_CullingMode: 0
  m_UpdateMode: 0
  m_ApplyRootMotion: 0
  m_LinearVelocityBlending: 0
  m_WarningMessage: 
  m_HasTransformHierarchy: 1
  m_AllowConstantClipSamplingOptimization: 1
  m_KeepAnimatorControllerStateOnDisable: 0
--- !u!1 &7794867666308956179
GameObject:
  m_ObjectHideFlags: 0
  m_CorrespondingSourceObject: {fileID: 0}
  m_PrefabInstance: {fileID: 0}
  m_PrefabAsset: {fileID: 0}
  serializedVersion: 6
  m_Component:
  - component: {fileID: 7794867666308956176}
  - component: {fileID: 7794867666308956177}
  m_Layer: 0
  m_Name: GameObject
  m_TagString: Untagged
  m_Icon: {fileID: 0}
  m_NavMeshLayer: 0
  m_StaticEditorFlags: 0
  m_IsActive: 1
--- !u!4 &7794867666308956176
Transform:
  m_ObjectHideFlags: 0
  m_CorrespondingSourceObject: {fileID: 0}
  m_PrefabInstance: {fileID: 0}
  m_PrefabAsset: {fileID: 0}
  m_GameObject: {fileID: 7794867666308956179}
  m_LocalRotation: {x: 0, y: 0, z: 0, w: 1}
  m_LocalPosition: {x: 2.2, y: 1.84, z: 0}
  m_LocalScale: {x: 1, y: 1, z: 1}
  m_Children: []
  m_Father: {fileID: 7794867666396147656}
  m_RootOrder: 0
  m_LocalEulerAnglesHint: {x: 0, y: 0, z: 0}
--- !u!96 &7794867666308956177
TrailRenderer:
  serializedVersion: 2
  m_ObjectHideFlags: 0
  m_CorrespondingSourceObject: {fileID: 0}
  m_PrefabInstance: {fileID: 0}
  m_PrefabAsset: {fileID: 0}
  m_GameObject: {fileID: 7794867666308956179}
  m_Enabled: 1
  m_CastShadows: 1
  m_ReceiveShadows: 1
  m_DynamicOccludee: 1
  m_MotionVectors: 0
  m_LightProbeUsage: 0
  m_ReflectionProbeUsage: 0
  m_RayTracingMode: 0
  m_RayTraceProcedural: 0
  m_RenderingLayerMask: 1
  m_RendererPriority: 0
  m_Materials:
  - {fileID: 10301, guid: 0000000000000000f000000000000000, type: 0}
  - {fileID: 10301, guid: 0000000000000000f000000000000000, type: 0}
  - {fileID: 10301, guid: 0000000000000000f000000000000000, type: 0}
  - {fileID: 10301, guid: 0000000000000000f000000000000000, type: 0}
  - {fileID: 10301, guid: 0000000000000000f000000000000000, type: 0}
  - {fileID: 10301, guid: 0000000000000000f000000000000000, type: 0}
  - {fileID: 10301, guid: 0000000000000000f000000000000000, type: 0}
  - {fileID: 10301, guid: 0000000000000000f000000000000000, type: 0}
  - {fileID: 10301, guid: 0000000000000000f000000000000000, type: 0}
  - {fileID: 10301, guid: 0000000000000000f000000000000000, type: 0}
  - {fileID: 10301, guid: 0000000000000000f000000000000000, type: 0}
  - {fileID: 10301, guid: 0000000000000000f000000000000000, type: 0}
  - {fileID: 10301, guid: 0000000000000000f000000000000000, type: 0}
  - {fileID: 10301, guid: 0000000000000000f000000000000000, type: 0}
  - {fileID: 10301, guid: 0000000000000000f000000000000000, type: 0}
  - {fileID: 10301, guid: 0000000000000000f000000000000000, type: 0}
  - {fileID: 10301, guid: 0000000000000000f000000000000000, type: 0}
  - {fileID: 10301, guid: 0000000000000000f000000000000000, type: 0}
  - {fileID: 10301, guid: 0000000000000000f000000000000000, type: 0}
  - {fileID: 10301, guid: 0000000000000000f000000000000000, type: 0}
  - {fileID: 10301, guid: 0000000000000000f000000000000000, type: 0}
  - {fileID: 10301, guid: 0000000000000000f000000000000000, type: 0}
  - {fileID: 10301, guid: 0000000000000000f000000000000000, type: 0}
  - {fileID: 10301, guid: 0000000000000000f000000000000000, type: 0}
  - {fileID: 10301, guid: 0000000000000000f000000000000000, type: 0}
  - {fileID: 10301, guid: 0000000000000000f000000000000000, type: 0}
  - {fileID: 10301, guid: 0000000000000000f000000000000000, type: 0}
  - {fileID: 10301, guid: 0000000000000000f000000000000000, type: 0}
  - {fileID: 10301, guid: 0000000000000000f000000000000000, type: 0}
  - {fileID: 10301, guid: 0000000000000000f000000000000000, type: 0}
  - {fileID: 10301, guid: 0000000000000000f000000000000000, type: 0}
  - {fileID: 10301, guid: 0000000000000000f000000000000000, type: 0}
  - {fileID: 10301, guid: 0000000000000000f000000000000000, type: 0}
  - {fileID: 10301, guid: 0000000000000000f000000000000000, type: 0}
  - {fileID: 10301, guid: 0000000000000000f000000000000000, type: 0}
  - {fileID: 10301, guid: 0000000000000000f000000000000000, type: 0}
  - {fileID: 10301, guid: 0000000000000000f000000000000000, type: 0}
  - {fileID: 10301, guid: 0000000000000000f000000000000000, type: 0}
  - {fileID: 10301, guid: 0000000000000000f000000000000000, type: 0}
  - {fileID: 10301, guid: 0000000000000000f000000000000000, type: 0}
  - {fileID: 10301, guid: 0000000000000000f000000000000000, type: 0}
  - {fileID: 10301, guid: 0000000000000000f000000000000000, type: 0}
  - {fileID: 10301, guid: 0000000000000000f000000000000000, type: 0}
  - {fileID: 10301, guid: 0000000000000000f000000000000000, type: 0}
  - {fileID: 10301, guid: 0000000000000000f000000000000000, type: 0}
  - {fileID: 10301, guid: 0000000000000000f000000000000000, type: 0}
  - {fileID: 10301, guid: 0000000000000000f000000000000000, type: 0}
  - {fileID: 10301, guid: 0000000000000000f000000000000000, type: 0}
  - {fileID: 10301, guid: 0000000000000000f000000000000000, type: 0}
  - {fileID: 10301, guid: 0000000000000000f000000000000000, type: 0}
  - {fileID: 10301, guid: 0000000000000000f000000000000000, type: 0}
  - {fileID: 10301, guid: 0000000000000000f000000000000000, type: 0}
  - {fileID: 10301, guid: 0000000000000000f000000000000000, type: 0}
  - {fileID: 10301, guid: 0000000000000000f000000000000000, type: 0}
  - {fileID: 10301, guid: 0000000000000000f000000000000000, type: 0}
  - {fileID: 10301, guid: 0000000000000000f000000000000000, type: 0}
  - {fileID: 10301, guid: 0000000000000000f000000000000000, type: 0}
  - {fileID: 10301, guid: 0000000000000000f000000000000000, type: 0}
  - {fileID: 10301, guid: 0000000000000000f000000000000000, type: 0}
  - {fileID: 10301, guid: 0000000000000000f000000000000000, type: 0}
  - {fileID: 10301, guid: 0000000000000000f000000000000000, type: 0}
  - {fileID: 10301, guid: 0000000000000000f000000000000000, type: 0}
  - {fileID: 10301, guid: 0000000000000000f000000000000000, type: 0}
  - {fileID: 10301, guid: 0000000000000000f000000000000000, type: 0}
  - {fileID: 10301, guid: 0000000000000000f000000000000000, type: 0}
  - {fileID: 10301, guid: 0000000000000000f000000000000000, type: 0}
  - {fileID: 10301, guid: 0000000000000000f000000000000000, type: 0}
  - {fileID: 10301, guid: 0000000000000000f000000000000000, type: 0}
  - {fileID: 10301, guid: 0000000000000000f000000000000000, type: 0}
  - {fileID: 10301, guid: 0000000000000000f000000000000000, type: 0}
  - {fileID: 10301, guid: 0000000000000000f000000000000000, type: 0}
  - {fileID: 10301, guid: 0000000000000000f000000000000000, type: 0}
  - {fileID: 10301, guid: 0000000000000000f000000000000000, type: 0}
  - {fileID: 10301, guid: 0000000000000000f000000000000000, type: 0}
  - {fileID: 10301, guid: 0000000000000000f000000000000000, type: 0}
  - {fileID: 10301, guid: 0000000000000000f000000000000000, type: 0}
  - {fileID: 10301, guid: 0000000000000000f000000000000000, type: 0}
  - {fileID: 10301, guid: 0000000000000000f000000000000000, type: 0}
  - {fileID: 10301, guid: 0000000000000000f000000000000000, type: 0}
  - {fileID: 10301, guid: 0000000000000000f000000000000000, type: 0}
  - {fileID: 10301, guid: 0000000000000000f000000000000000, type: 0}
  - {fileID: 10301, guid: 0000000000000000f000000000000000, type: 0}
  - {fileID: 10301, guid: 0000000000000000f000000000000000, type: 0}
  - {fileID: 10301, guid: 0000000000000000f000000000000000, type: 0}
  - {fileID: 10301, guid: 0000000000000000f000000000000000, type: 0}
  - {fileID: 10301, guid: 0000000000000000f000000000000000, type: 0}
  - {fileID: 10301, guid: 0000000000000000f000000000000000, type: 0}
  - {fileID: 10301, guid: 0000000000000000f000000000000000, type: 0}
  - {fileID: 10301, guid: 0000000000000000f000000000000000, type: 0}
  - {fileID: 10301, guid: 0000000000000000f000000000000000, type: 0}
  - {fileID: 10301, guid: 0000000000000000f000000000000000, type: 0}
  - {fileID: 10301, guid: 0000000000000000f000000000000000, type: 0}
  - {fileID: 10301, guid: 0000000000000000f000000000000000, type: 0}
  - {fileID: 10301, guid: 0000000000000000f000000000000000, type: 0}
  - {fileID: 10301, guid: 0000000000000000f000000000000000, type: 0}
  - {fileID: 10301, guid: 0000000000000000f000000000000000, type: 0}
  - {fileID: 10301, guid: 0000000000000000f000000000000000, type: 0}
  - {fileID: 10301, guid: 0000000000000000f000000000000000, type: 0}
  - {fileID: 10301, guid: 0000000000000000f000000000000000, type: 0}
  - {fileID: 10301, guid: 0000000000000000f000000000000000, type: 0}
  - {fileID: 10301, guid: 0000000000000000f000000000000000, type: 0}
  - {fileID: 10301, guid: 0000000000000000f000000000000000, type: 0}
  - {fileID: 10301, guid: 0000000000000000f000000000000000, type: 0}
  - {fileID: 10301, guid: 0000000000000000f000000000000000, type: 0}
  - {fileID: 10301, guid: 0000000000000000f000000000000000, type: 0}
  - {fileID: 10301, guid: 0000000000000000f000000000000000, type: 0}
  - {fileID: 10301, guid: 0000000000000000f000000000000000, type: 0}
  - {fileID: 10301, guid: 0000000000000000f000000000000000, type: 0}
  - {fileID: 10301, guid: 0000000000000000f000000000000000, type: 0}
  - {fileID: 10301, guid: 0000000000000000f000000000000000, type: 0}
  - {fileID: 10301, guid: 0000000000000000f000000000000000, type: 0}
  - {fileID: 10301, guid: 0000000000000000f000000000000000, type: 0}
  - {fileID: 10301, guid: 0000000000000000f000000000000000, type: 0}
  - {fileID: 10301, guid: 0000000000000000f000000000000000, type: 0}
  - {fileID: 10301, guid: 0000000000000000f000000000000000, type: 0}
  - {fileID: 10301, guid: 0000000000000000f000000000000000, type: 0}
  - {fileID: 10301, guid: 0000000000000000f000000000000000, type: 0}
  - {fileID: 10301, guid: 0000000000000000f000000000000000, type: 0}
  - {fileID: 10301, guid: 0000000000000000f000000000000000, type: 0}
  - {fileID: 10301, guid: 0000000000000000f000000000000000, type: 0}
  - {fileID: 10301, guid: 0000000000000000f000000000000000, type: 0}
  - {fileID: 10301, guid: 0000000000000000f000000000000000, type: 0}
  - {fileID: 10301, guid: 0000000000000000f000000000000000, type: 0}
  - {fileID: 10301, guid: 0000000000000000f000000000000000, type: 0}
  - {fileID: 10301, guid: 0000000000000000f000000000000000, type: 0}
  - {fileID: 10301, guid: 0000000000000000f000000000000000, type: 0}
  - {fileID: 10301, guid: 0000000000000000f000000000000000, type: 0}
  - {fileID: 10301, guid: 0000000000000000f000000000000000, type: 0}
  - {fileID: 10301, guid: 0000000000000000f000000000000000, type: 0}
  - {fileID: 10301, guid: 0000000000000000f000000000000000, type: 0}
  - {fileID: 10301, guid: 0000000000000000f000000000000000, type: 0}
  - {fileID: 10301, guid: 0000000000000000f000000000000000, type: 0}
  - {fileID: 10301, guid: 0000000000000000f000000000000000, type: 0}
  - {fileID: 10301, guid: 0000000000000000f000000000000000, type: 0}
  - {fileID: 10301, guid: 0000000000000000f000000000000000, type: 0}
  - {fileID: 10301, guid: 0000000000000000f000000000000000, type: 0}
  - {fileID: 10301, guid: 0000000000000000f000000000000000, type: 0}
  - {fileID: 10301, guid: 0000000000000000f000000000000000, type: 0}
  - {fileID: 10301, guid: 0000000000000000f000000000000000, type: 0}
  - {fileID: 10301, guid: 0000000000000000f000000000000000, type: 0}
  - {fileID: 10301, guid: 0000000000000000f000000000000000, type: 0}
  - {fileID: 10301, guid: 0000000000000000f000000000000000, type: 0}
  - {fileID: 10301, guid: 0000000000000000f000000000000000, type: 0}
  - {fileID: 10301, guid: 0000000000000000f000000000000000, type: 0}
  - {fileID: 10301, guid: 0000000000000000f000000000000000, type: 0}
  - {fileID: 10301, guid: 0000000000000000f000000000000000, type: 0}
  - {fileID: 10301, guid: 0000000000000000f000000000000000, type: 0}
  - {fileID: 10301, guid: 0000000000000000f000000000000000, type: 0}
  - {fileID: 10301, guid: 0000000000000000f000000000000000, type: 0}
  - {fileID: 10301, guid: 0000000000000000f000000000000000, type: 0}
  - {fileID: 10301, guid: 0000000000000000f000000000000000, type: 0}
  m_StaticBatchInfo:
    firstSubMesh: 0
    subMeshCount: 0
  m_StaticBatchRoot: {fileID: 0}
  m_ProbeAnchor: {fileID: 0}
  m_LightProbeVolumeOverride: {fileID: 0}
  m_ScaleInLightmap: 1
  m_ReceiveGI: 1
  m_PreserveUVs: 0
  m_IgnoreNormalsForChartDetection: 0
  m_ImportantGI: 0
  m_StitchLightmapSeams: 1
  m_SelectedEditorRenderState: 3
  m_MinimumChartSize: 4
  m_AutoUVMaxDistance: 0.5
  m_AutoUVMaxAngle: 89
  m_LightmapParameters: {fileID: 0}
  m_SortingLayerID: 0
  m_SortingLayer: 0
  m_SortingOrder: 0
  m_Time: 0.5
  m_Parameters:
    serializedVersion: 3
    widthMultiplier: 1
    widthCurve:
      serializedVersion: 2
      m_Curve:
      - serializedVersion: 3
        time: 0
        value: 1
        inSlope: 0
        outSlope: 0
        tangentMode: 0
        weightedMode: 0
        inWeight: 0.33333334
        outWeight: 0.33333334
      - serializedVersion: 3
        time: 0.47118646
        value: 0.546875
        inSlope: 0
        outSlope: 0
        tangentMode: 0
        weightedMode: 0
        inWeight: 0
        outWeight: 0
      - serializedVersion: 3
        time: 0.81355935
        value: 0.3125
        inSlope: 0
        outSlope: 0
        tangentMode: 0
        weightedMode: 0
        inWeight: 0
        outWeight: 0
      m_PreInfinity: 2
      m_PostInfinity: 2
      m_RotationOrder: 4
    colorGradient:
      serializedVersion: 2
      key0: {r: 0.9607844, g: 1, b: 0, a: 1}
      key1: {r: 0.051886797, g: 1, b: 0.77911556, a: 1}
      key2: {r: 0, g: 0, b: 0, a: 0}
      key3: {r: 0, g: 0, b: 0, a: 0}
      key4: {r: 0, g: 0, b: 0, a: 0}
      key5: {r: 0, g: 0, b: 0, a: 0}
      key6: {r: 0, g: 0, b: 0, a: 0}
      key7: {r: 0, g: 0, b: 0, a: 0}
      ctime0: 7517
      ctime1: 46646
      ctime2: 0
      ctime3: 0
      ctime4: 0
      ctime5: 0
      ctime6: 0
      ctime7: 0
      atime0: 0
      atime1: 65535
      atime2: 0
      atime3: 0
      atime4: 0
      atime5: 0
      atime6: 0
      atime7: 0
      m_Mode: 0
      m_NumColorKeys: 2
      m_NumAlphaKeys: 2
    numCornerVertices: 0
    numCapVertices: 0
    alignment: 0
    textureMode: 0
    shadowBias: 0.5
    generateLightingData: 0
  m_MinVertexDistance: 0.1
  m_Autodestruct: 0
  m_Emitting: 1
--- !u!1 &7794867666396147659
GameObject:
  m_ObjectHideFlags: 0
  m_CorrespondingSourceObject: {fileID: 0}
  m_PrefabInstance: {fileID: 0}
  m_PrefabAsset: {fileID: 0}
  serializedVersion: 6
  m_Component:
  - component: {fileID: 7794867666396147656}
  - component: {fileID: 7794867666396147671}
  - component: {fileID: 7794867666396147670}
  - component: {fileID: 7794867666396147657}
  m_Layer: 0
  m_Name: estrella2 (3)
  m_TagString: Untagged
  m_Icon: {fileID: 0}
  m_NavMeshLayer: 0
  m_StaticEditorFlags: 0
  m_IsActive: 1
--- !u!4 &7794867666396147656
Transform:
  m_ObjectHideFlags: 0
  m_CorrespondingSourceObject: {fileID: 0}
  m_PrefabInstance: {fileID: 0}
  m_PrefabAsset: {fileID: 0}
  m_GameObject: {fileID: 7794867666396147659}
  m_LocalRotation: {x: -0, y: -0, z: -0, w: 1}
  m_LocalPosition: {x: -56.193073, y: -3.1825285, z: 0}
  m_LocalScale: {x: 1, y: 1, z: 1}
  m_Children:
  - {fileID: 7794867666308956176}
  m_Father: {fileID: 7794867664737842179}
  m_RootOrder: 1
  m_LocalEulerAnglesHint: {x: 90, y: 0, z: 0}
--- !u!212 &7794867666396147671
SpriteRenderer:
  m_ObjectHideFlags: 0
  m_CorrespondingSourceObject: {fileID: 0}
  m_PrefabInstance: {fileID: 0}
  m_PrefabAsset: {fileID: 0}
  m_GameObject: {fileID: 7794867666396147659}
  m_Enabled: 1
  m_CastShadows: 0
  m_ReceiveShadows: 0
  m_DynamicOccludee: 1
  m_MotionVectors: 1
  m_LightProbeUsage: 1
  m_ReflectionProbeUsage: 1
  m_RayTracingMode: 0
  m_RayTraceProcedural: 0
  m_RenderingLayerMask: 1
  m_RendererPriority: 0
  m_Materials:
  - {fileID: 10754, guid: 0000000000000000f000000000000000, type: 0}
  m_StaticBatchInfo:
    firstSubMesh: 0
    subMeshCount: 0
  m_StaticBatchRoot: {fileID: 0}
  m_ProbeAnchor: {fileID: 0}
  m_LightProbeVolumeOverride: {fileID: 0}
  m_ScaleInLightmap: 1
  m_ReceiveGI: 1
  m_PreserveUVs: 0
  m_IgnoreNormalsForChartDetection: 0
  m_ImportantGI: 0
  m_StitchLightmapSeams: 1
  m_SelectedEditorRenderState: 0
  m_MinimumChartSize: 4
  m_AutoUVMaxDistance: 0.5
  m_AutoUVMaxAngle: 89
  m_LightmapParameters: {fileID: 0}
  m_SortingLayerID: 0
  m_SortingLayer: 0
  m_SortingOrder: 0
  m_Sprite: {fileID: 21300000, guid: e30e636c02ecf9349a83580377fea95c, type: 3}
  m_Color: {r: 0.96055627, g: 1, b: 0, a: 1}
  m_FlipX: 0
  m_FlipY: 0
  m_DrawMode: 0
  m_Size: {x: 10.24, y: 10.24}
  m_AdaptiveModeThreshold: 0.5
  m_SpriteTileMode: 0
  m_WasSpriteAssigned: 1
  m_MaskInteraction: 0
  m_SpriteSortPoint: 0
--- !u!96 &7794867666396147670
TrailRenderer:
  serializedVersion: 2
  m_ObjectHideFlags: 0
  m_CorrespondingSourceObject: {fileID: 0}
  m_PrefabInstance: {fileID: 0}
  m_PrefabAsset: {fileID: 0}
  m_GameObject: {fileID: 7794867666396147659}
  m_Enabled: 1
  m_CastShadows: 1
  m_ReceiveShadows: 1
  m_DynamicOccludee: 1
  m_MotionVectors: 0
  m_LightProbeUsage: 0
  m_ReflectionProbeUsage: 0
  m_RayTracingMode: 0
  m_RayTraceProcedural: 0
  m_RenderingLayerMask: 1
  m_RendererPriority: 0
  m_Materials:
  - {fileID: 10301, guid: 0000000000000000f000000000000000, type: 0}
  - {fileID: 10301, guid: 0000000000000000f000000000000000, type: 0}
  - {fileID: 10301, guid: 0000000000000000f000000000000000, type: 0}
  - {fileID: 10301, guid: 0000000000000000f000000000000000, type: 0}
  - {fileID: 10301, guid: 0000000000000000f000000000000000, type: 0}
  - {fileID: 10301, guid: 0000000000000000f000000000000000, type: 0}
  - {fileID: 10301, guid: 0000000000000000f000000000000000, type: 0}
  - {fileID: 10301, guid: 0000000000000000f000000000000000, type: 0}
  - {fileID: 10301, guid: 0000000000000000f000000000000000, type: 0}
  - {fileID: 10301, guid: 0000000000000000f000000000000000, type: 0}
  - {fileID: 10301, guid: 0000000000000000f000000000000000, type: 0}
  - {fileID: 10301, guid: 0000000000000000f000000000000000, type: 0}
  - {fileID: 10301, guid: 0000000000000000f000000000000000, type: 0}
  - {fileID: 10301, guid: 0000000000000000f000000000000000, type: 0}
  - {fileID: 10301, guid: 0000000000000000f000000000000000, type: 0}
  - {fileID: 10301, guid: 0000000000000000f000000000000000, type: 0}
  - {fileID: 10301, guid: 0000000000000000f000000000000000, type: 0}
  - {fileID: 10301, guid: 0000000000000000f000000000000000, type: 0}
  - {fileID: 10301, guid: 0000000000000000f000000000000000, type: 0}
  - {fileID: 10301, guid: 0000000000000000f000000000000000, type: 0}
  - {fileID: 10301, guid: 0000000000000000f000000000000000, type: 0}
  - {fileID: 10301, guid: 0000000000000000f000000000000000, type: 0}
  - {fileID: 10301, guid: 0000000000000000f000000000000000, type: 0}
  - {fileID: 10301, guid: 0000000000000000f000000000000000, type: 0}
  - {fileID: 10301, guid: 0000000000000000f000000000000000, type: 0}
  - {fileID: 10301, guid: 0000000000000000f000000000000000, type: 0}
  - {fileID: 10301, guid: 0000000000000000f000000000000000, type: 0}
  - {fileID: 10301, guid: 0000000000000000f000000000000000, type: 0}
  - {fileID: 10301, guid: 0000000000000000f000000000000000, type: 0}
  - {fileID: 10301, guid: 0000000000000000f000000000000000, type: 0}
  - {fileID: 10301, guid: 0000000000000000f000000000000000, type: 0}
  - {fileID: 10301, guid: 0000000000000000f000000000000000, type: 0}
  - {fileID: 10301, guid: 0000000000000000f000000000000000, type: 0}
  - {fileID: 10301, guid: 0000000000000000f000000000000000, type: 0}
  - {fileID: 10301, guid: 0000000000000000f000000000000000, type: 0}
  - {fileID: 10301, guid: 0000000000000000f000000000000000, type: 0}
  - {fileID: 10301, guid: 0000000000000000f000000000000000, type: 0}
  - {fileID: 10301, guid: 0000000000000000f000000000000000, type: 0}
  - {fileID: 10301, guid: 0000000000000000f000000000000000, type: 0}
  - {fileID: 10301, guid: 0000000000000000f000000000000000, type: 0}
  - {fileID: 10301, guid: 0000000000000000f000000000000000, type: 0}
  - {fileID: 10301, guid: 0000000000000000f000000000000000, type: 0}
  - {fileID: 10301, guid: 0000000000000000f000000000000000, type: 0}
  - {fileID: 10301, guid: 0000000000000000f000000000000000, type: 0}
  - {fileID: 10301, guid: 0000000000000000f000000000000000, type: 0}
  - {fileID: 10301, guid: 0000000000000000f000000000000000, type: 0}
  - {fileID: 10301, guid: 0000000000000000f000000000000000, type: 0}
  - {fileID: 10301, guid: 0000000000000000f000000000000000, type: 0}
  - {fileID: 10301, guid: 0000000000000000f000000000000000, type: 0}
  - {fileID: 10301, guid: 0000000000000000f000000000000000, type: 0}
  - {fileID: 10301, guid: 0000000000000000f000000000000000, type: 0}
  - {fileID: 10301, guid: 0000000000000000f000000000000000, type: 0}
  - {fileID: 10301, guid: 0000000000000000f000000000000000, type: 0}
  - {fileID: 10301, guid: 0000000000000000f000000000000000, type: 0}
  - {fileID: 10301, guid: 0000000000000000f000000000000000, type: 0}
  - {fileID: 10301, guid: 0000000000000000f000000000000000, type: 0}
  - {fileID: 10301, guid: 0000000000000000f000000000000000, type: 0}
  - {fileID: 10301, guid: 0000000000000000f000000000000000, type: 0}
  - {fileID: 10301, guid: 0000000000000000f000000000000000, type: 0}
  - {fileID: 10301, guid: 0000000000000000f000000000000000, type: 0}
  - {fileID: 10301, guid: 0000000000000000f000000000000000, type: 0}
  - {fileID: 10301, guid: 0000000000000000f000000000000000, type: 0}
  - {fileID: 10301, guid: 0000000000000000f000000000000000, type: 0}
  - {fileID: 10301, guid: 0000000000000000f000000000000000, type: 0}
  - {fileID: 10301, guid: 0000000000000000f000000000000000, type: 0}
  - {fileID: 10301, guid: 0000000000000000f000000000000000, type: 0}
  - {fileID: 10301, guid: 0000000000000000f000000000000000, type: 0}
  - {fileID: 10301, guid: 0000000000000000f000000000000000, type: 0}
  - {fileID: 10301, guid: 0000000000000000f000000000000000, type: 0}
  - {fileID: 10301, guid: 0000000000000000f000000000000000, type: 0}
  - {fileID: 10301, guid: 0000000000000000f000000000000000, type: 0}
  - {fileID: 10301, guid: 0000000000000000f000000000000000, type: 0}
  - {fileID: 10301, guid: 0000000000000000f000000000000000, type: 0}
  - {fileID: 10301, guid: 0000000000000000f000000000000000, type: 0}
  - {fileID: 10301, guid: 0000000000000000f000000000000000, type: 0}
  - {fileID: 10301, guid: 0000000000000000f000000000000000, type: 0}
  - {fileID: 10301, guid: 0000000000000000f000000000000000, type: 0}
  - {fileID: 10301, guid: 0000000000000000f000000000000000, type: 0}
  - {fileID: 10301, guid: 0000000000000000f000000000000000, type: 0}
  - {fileID: 10301, guid: 0000000000000000f000000000000000, type: 0}
  - {fileID: 10301, guid: 0000000000000000f000000000000000, type: 0}
  - {fileID: 10301, guid: 0000000000000000f000000000000000, type: 0}
  - {fileID: 10301, guid: 0000000000000000f000000000000000, type: 0}
  - {fileID: 10301, guid: 0000000000000000f000000000000000, type: 0}
  - {fileID: 10301, guid: 0000000000000000f000000000000000, type: 0}
  - {fileID: 10301, guid: 0000000000000000f000000000000000, type: 0}
  - {fileID: 10301, guid: 0000000000000000f000000000000000, type: 0}
  - {fileID: 10301, guid: 0000000000000000f000000000000000, type: 0}
  - {fileID: 10301, guid: 0000000000000000f000000000000000, type: 0}
  - {fileID: 10301, guid: 0000000000000000f000000000000000, type: 0}
  - {fileID: 10301, guid: 0000000000000000f000000000000000, type: 0}
  - {fileID: 10301, guid: 0000000000000000f000000000000000, type: 0}
  - {fileID: 10301, guid: 0000000000000000f000000000000000, type: 0}
  - {fileID: 10301, guid: 0000000000000000f000000000000000, type: 0}
  - {fileID: 10301, guid: 0000000000000000f000000000000000, type: 0}
  - {fileID: 10301, guid: 0000000000000000f000000000000000, type: 0}
  - {fileID: 10301, guid: 0000000000000000f000000000000000, type: 0}
  - {fileID: 10301, guid: 0000000000000000f000000000000000, type: 0}
  - {fileID: 10301, guid: 0000000000000000f000000000000000, type: 0}
  - {fileID: 10301, guid: 0000000000000000f000000000000000, type: 0}
  - {fileID: 10301, guid: 0000000000000000f000000000000000, type: 0}
  - {fileID: 10301, guid: 0000000000000000f000000000000000, type: 0}
  - {fileID: 10301, guid: 0000000000000000f000000000000000, type: 0}
  - {fileID: 10301, guid: 0000000000000000f000000000000000, type: 0}
  - {fileID: 10301, guid: 0000000000000000f000000000000000, type: 0}
  - {fileID: 10301, guid: 0000000000000000f000000000000000, type: 0}
  - {fileID: 10301, guid: 0000000000000000f000000000000000, type: 0}
  - {fileID: 10301, guid: 0000000000000000f000000000000000, type: 0}
  - {fileID: 10301, guid: 0000000000000000f000000000000000, type: 0}
  - {fileID: 10301, guid: 0000000000000000f000000000000000, type: 0}
  - {fileID: 10301, guid: 0000000000000000f000000000000000, type: 0}
  - {fileID: 10301, guid: 0000000000000000f000000000000000, type: 0}
  - {fileID: 10301, guid: 0000000000000000f000000000000000, type: 0}
  - {fileID: 10301, guid: 0000000000000000f000000000000000, type: 0}
  - {fileID: 10301, guid: 0000000000000000f000000000000000, type: 0}
  - {fileID: 10301, guid: 0000000000000000f000000000000000, type: 0}
  - {fileID: 10301, guid: 0000000000000000f000000000000000, type: 0}
  - {fileID: 10301, guid: 0000000000000000f000000000000000, type: 0}
  - {fileID: 10301, guid: 0000000000000000f000000000000000, type: 0}
  - {fileID: 10301, guid: 0000000000000000f000000000000000, type: 0}
  - {fileID: 10301, guid: 0000000000000000f000000000000000, type: 0}
  - {fileID: 10301, guid: 0000000000000000f000000000000000, type: 0}
  - {fileID: 10301, guid: 0000000000000000f000000000000000, type: 0}
  - {fileID: 10301, guid: 0000000000000000f000000000000000, type: 0}
  - {fileID: 10301, guid: 0000000000000000f000000000000000, type: 0}
  - {fileID: 10301, guid: 0000000000000000f000000000000000, type: 0}
  - {fileID: 10301, guid: 0000000000000000f000000000000000, type: 0}
  - {fileID: 10301, guid: 0000000000000000f000000000000000, type: 0}
  - {fileID: 10301, guid: 0000000000000000f000000000000000, type: 0}
  - {fileID: 10301, guid: 0000000000000000f000000000000000, type: 0}
  - {fileID: 10301, guid: 0000000000000000f000000000000000, type: 0}
  - {fileID: 10301, guid: 0000000000000000f000000000000000, type: 0}
  - {fileID: 10301, guid: 0000000000000000f000000000000000, type: 0}
  - {fileID: 10301, guid: 0000000000000000f000000000000000, type: 0}
  - {fileID: 10301, guid: 0000000000000000f000000000000000, type: 0}
  - {fileID: 10301, guid: 0000000000000000f000000000000000, type: 0}
  - {fileID: 10301, guid: 0000000000000000f000000000000000, type: 0}
  - {fileID: 10301, guid: 0000000000000000f000000000000000, type: 0}
  - {fileID: 10301, guid: 0000000000000000f000000000000000, type: 0}
  - {fileID: 10301, guid: 0000000000000000f000000000000000, type: 0}
  - {fileID: 10301, guid: 0000000000000000f000000000000000, type: 0}
  - {fileID: 10301, guid: 0000000000000000f000000000000000, type: 0}
  - {fileID: 10301, guid: 0000000000000000f000000000000000, type: 0}
  - {fileID: 10301, guid: 0000000000000000f000000000000000, type: 0}
  - {fileID: 10301, guid: 0000000000000000f000000000000000, type: 0}
  - {fileID: 10301, guid: 0000000000000000f000000000000000, type: 0}
  - {fileID: 10301, guid: 0000000000000000f000000000000000, type: 0}
  - {fileID: 10301, guid: 0000000000000000f000000000000000, type: 0}
  - {fileID: 10301, guid: 0000000000000000f000000000000000, type: 0}
  - {fileID: 10301, guid: 0000000000000000f000000000000000, type: 0}
  - {fileID: 10301, guid: 0000000000000000f000000000000000, type: 0}
  m_StaticBatchInfo:
    firstSubMesh: 0
    subMeshCount: 0
  m_StaticBatchRoot: {fileID: 0}
  m_ProbeAnchor: {fileID: 0}
  m_LightProbeVolumeOverride: {fileID: 0}
  m_ScaleInLightmap: 1
  m_ReceiveGI: 1
  m_PreserveUVs: 0
  m_IgnoreNormalsForChartDetection: 0
  m_ImportantGI: 0
  m_StitchLightmapSeams: 1
  m_SelectedEditorRenderState: 3
  m_MinimumChartSize: 4
  m_AutoUVMaxDistance: 0.5
  m_AutoUVMaxAngle: 89
  m_LightmapParameters: {fileID: 0}
  m_SortingLayerID: 0
  m_SortingLayer: 0
  m_SortingOrder: 0
  m_Time: 0.5
  m_Parameters:
    serializedVersion: 3
    widthMultiplier: 1
    widthCurve:
      serializedVersion: 2
      m_Curve:
      - serializedVersion: 3
        time: 0
        value: 1
        inSlope: 0
        outSlope: 0
        tangentMode: 0
        weightedMode: 0
        inWeight: 0.33333334
        outWeight: 0.33333334
      - serializedVersion: 3
        time: 0.47118646
        value: 0.546875
        inSlope: 0
        outSlope: 0
        tangentMode: 0
        weightedMode: 0
        inWeight: 0
        outWeight: 0
      - serializedVersion: 3
        time: 0.81355935
        value: 0.3125
        inSlope: 0
        outSlope: 0
        tangentMode: 0
        weightedMode: 0
        inWeight: 0
        outWeight: 0
      m_PreInfinity: 2
      m_PostInfinity: 2
      m_RotationOrder: 4
    colorGradient:
      serializedVersion: 2
      key0: {r: 0.9607844, g: 1, b: 0, a: 1}
      key1: {r: 0.051886797, g: 1, b: 0.77911556, a: 1}
      key2: {r: 0, g: 0, b: 0, a: 0}
      key3: {r: 0, g: 0, b: 0, a: 0}
      key4: {r: 0, g: 0, b: 0, a: 0}
      key5: {r: 0, g: 0, b: 0, a: 0}
      key6: {r: 0, g: 0, b: 0, a: 0}
      key7: {r: 0, g: 0, b: 0, a: 0}
      ctime0: 7517
      ctime1: 46646
      ctime2: 0
      ctime3: 0
      ctime4: 0
      ctime5: 0
      ctime6: 0
      ctime7: 0
      atime0: 0
      atime1: 65535
      atime2: 0
      atime3: 0
      atime4: 0
      atime5: 0
      atime6: 0
      atime7: 0
      m_Mode: 0
      m_NumColorKeys: 2
      m_NumAlphaKeys: 2
    numCornerVertices: 0
    numCapVertices: 0
    alignment: 0
    textureMode: 0
    shadowBias: 0.5
    generateLightingData: 0
  m_MinVertexDistance: 0.1
  m_Autodestruct: 0
  m_Emitting: 1
--- !u!95 &7794867666396147657
Animator:
  serializedVersion: 3
  m_ObjectHideFlags: 0
  m_CorrespondingSourceObject: {fileID: 0}
  m_PrefabInstance: {fileID: 0}
  m_PrefabAsset: {fileID: 0}
  m_GameObject: {fileID: 7794867666396147659}
  m_Enabled: 1
  m_Avatar: {fileID: 0}
  m_Controller: {fileID: 0}
  m_CullingMode: 0
  m_UpdateMode: 0
  m_ApplyRootMotion: 0
  m_LinearVelocityBlending: 0
  m_WarningMessage: 
  m_HasTransformHierarchy: 1
  m_AllowConstantClipSamplingOptimization: 1
  m_KeepAnimatorControllerStateOnDisable: 0
--- !u!1 &7794867666475512016
GameObject:
  m_ObjectHideFlags: 0
  m_CorrespondingSourceObject: {fileID: 0}
  m_PrefabInstance: {fileID: 0}
  m_PrefabAsset: {fileID: 0}
  serializedVersion: 6
  m_Component:
  - component: {fileID: 7794867666475512028}
  - component: {fileID: 7794867666475512031}
  - component: {fileID: 7794867666475512030}
  - component: {fileID: 7794867666475512017}
  m_Layer: 0
  m_Name: Canvas
  m_TagString: Untagged
  m_Icon: {fileID: 0}
  m_NavMeshLayer: 0
  m_StaticEditorFlags: 0
  m_IsActive: 1
--- !u!224 &7794867666475512028
RectTransform:
  m_ObjectHideFlags: 0
  m_CorrespondingSourceObject: {fileID: 0}
  m_PrefabInstance: {fileID: 0}
  m_PrefabAsset: {fileID: 0}
  m_GameObject: {fileID: 7794867666475512016}
  m_LocalRotation: {x: 0.50042284, y: 0.00038790563, z: -0.0005411853, w: 0.8657809}
  m_LocalPosition: {x: 0, y: 0, z: -8.504298}
  m_LocalScale: {x: 0.0679966, y: 0.06799669, z: 0.06799669}
  m_Children:
  - {fileID: 8173955448605199645}
  m_Father: {fileID: 7794867664457509096}
  m_RootOrder: 0
  m_LocalEulerAnglesHint: {x: 60.056004, y: 0.015000001, z: -0.063}
  m_AnchorMin: {x: 0, y: 0}
  m_AnchorMax: {x: 0, y: 0}
  m_AnchoredPosition: {x: -0.00090789795, y: 15.034384}
  m_SizeDelta: {x: 2436, y: 1125}
  m_Pivot: {x: 0.5, y: 0.5}
--- !u!223 &7794867666475512031
Canvas:
  m_ObjectHideFlags: 0
  m_CorrespondingSourceObject: {fileID: 0}
  m_PrefabInstance: {fileID: 0}
  m_PrefabAsset: {fileID: 0}
  m_GameObject: {fileID: 7794867666475512016}
  m_Enabled: 1
  serializedVersion: 3
  m_RenderMode: 2
  m_Camera: {fileID: 0}
  m_PlaneDistance: 100
  m_PixelPerfect: 0
  m_ReceivesEvents: 1
  m_OverrideSorting: 0
  m_OverridePixelPerfect: 0
  m_SortingBucketNormalizedSize: 0
  m_AdditionalShaderChannelsFlag: 0
  m_SortingLayerID: 0
  m_SortingOrder: 0
  m_TargetDisplay: 0
--- !u!114 &7794867666475512030
MonoBehaviour:
  m_ObjectHideFlags: 0
  m_CorrespondingSourceObject: {fileID: 0}
  m_PrefabInstance: {fileID: 0}
  m_PrefabAsset: {fileID: 0}
  m_GameObject: {fileID: 7794867666475512016}
  m_Enabled: 1
  m_EditorHideFlags: 0
  m_Script: {fileID: 11500000, guid: 0cd44c1031e13a943bb63640046fad76, type: 3}
  m_Name: 
  m_EditorClassIdentifier: 
  m_UiScaleMode: 0
  m_ReferencePixelsPerUnit: 100
  m_ScaleFactor: 1
  m_ReferenceResolution: {x: 800, y: 600}
  m_ScreenMatchMode: 0
  m_MatchWidthOrHeight: 0
  m_PhysicalUnit: 3
  m_FallbackScreenDPI: 96
  m_DefaultSpriteDPI: 96
  m_DynamicPixelsPerUnit: 1
  m_PresetInfoIsWorld: 1
--- !u!114 &7794867666475512017
MonoBehaviour:
  m_ObjectHideFlags: 0
  m_CorrespondingSourceObject: {fileID: 0}
  m_PrefabInstance: {fileID: 0}
  m_PrefabAsset: {fileID: 0}
  m_GameObject: {fileID: 7794867666475512016}
  m_Enabled: 1
  m_EditorHideFlags: 0
  m_Script: {fileID: 11500000, guid: dc42784cf147c0c48a680349fa168899, type: 3}
  m_Name: 
  m_EditorClassIdentifier: 
  m_IgnoreReversedGraphics: 1
  m_BlockingObjects: 0
  m_BlockingMask:
    serializedVersion: 2
    m_Bits: 4294967295
--- !u!1 &9004649031410979682
GameObject:
  m_ObjectHideFlags: 0
  m_CorrespondingSourceObject: {fileID: 0}
  m_PrefabInstance: {fileID: 0}
  m_PrefabAsset: {fileID: 0}
  serializedVersion: 6
  m_Component:
  - component: {fileID: 4667798240772956597}
  - component: {fileID: 1685615533712173537}
  - component: {fileID: 6058078267640403873}
  m_Layer: 0
  m_Name: sprites1_2
  m_TagString: Untagged
  m_Icon: {fileID: 0}
  m_NavMeshLayer: 0
  m_StaticEditorFlags: 0
  m_IsActive: 1
--- !u!4 &4667798240772956597
Transform:
  m_ObjectHideFlags: 0
  m_CorrespondingSourceObject: {fileID: 0}
  m_PrefabInstance: {fileID: 0}
  m_PrefabAsset: {fileID: 0}
  m_GameObject: {fileID: 9004649031410979682}
  m_LocalRotation: {x: 0.38268343, y: -0, z: -0, w: 0.92387956}
  m_LocalPosition: {x: -15, y: 8.1, z: -60.4}
  m_LocalScale: {x: 10, y: 10, z: 10}
  m_Children: []
  m_Father: {fileID: 7794867664457509096}
  m_RootOrder: 6
  m_LocalEulerAnglesHint: {x: 45, y: 0, z: 0}
--- !u!212 &1685615533712173537
SpriteRenderer:
  m_ObjectHideFlags: 0
  m_CorrespondingSourceObject: {fileID: 0}
  m_PrefabInstance: {fileID: 0}
  m_PrefabAsset: {fileID: 0}
  m_GameObject: {fileID: 9004649031410979682}
  m_Enabled: 1
  m_CastShadows: 0
  m_ReceiveShadows: 0
  m_DynamicOccludee: 1
  m_MotionVectors: 1
  m_LightProbeUsage: 1
  m_ReflectionProbeUsage: 1
  m_RayTracingMode: 0
  m_RayTraceProcedural: 0
  m_RenderingLayerMask: 1
  m_RendererPriority: 0
  m_Materials:
  - {fileID: 10754, guid: 0000000000000000f000000000000000, type: 0}
  m_StaticBatchInfo:
    firstSubMesh: 0
    subMeshCount: 0
  m_StaticBatchRoot: {fileID: 0}
  m_ProbeAnchor: {fileID: 0}
  m_LightProbeVolumeOverride: {fileID: 0}
  m_ScaleInLightmap: 1
  m_ReceiveGI: 1
  m_PreserveUVs: 0
  m_IgnoreNormalsForChartDetection: 0
  m_ImportantGI: 0
  m_StitchLightmapSeams: 1
  m_SelectedEditorRenderState: 0
  m_MinimumChartSize: 4
  m_AutoUVMaxDistance: 0.5
  m_AutoUVMaxAngle: 89
  m_LightmapParameters: {fileID: 0}
  m_SortingLayerID: 0
  m_SortingLayer: 0
  m_SortingOrder: 0
  m_Sprite: {fileID: 1014612986625134718, guid: 13dec37c11fcb184a9ceae0456208ca3,
    type: 3}
  m_Color: {r: 1, g: 1, b: 1, a: 1}
  m_FlipX: 0
  m_FlipY: 0
  m_DrawMode: 0
  m_Size: {x: 1.02, y: 1.97}
  m_AdaptiveModeThreshold: 0.5
  m_SpriteTileMode: 0
  m_WasSpriteAssigned: 1
  m_MaskInteraction: 0
  m_SpriteSortPoint: 0
--- !u!95 &6058078267640403873
Animator:
  serializedVersion: 3
  m_ObjectHideFlags: 0
  m_CorrespondingSourceObject: {fileID: 0}
  m_PrefabInstance: {fileID: 0}
  m_PrefabAsset: {fileID: 0}
  m_GameObject: {fileID: 9004649031410979682}
  m_Enabled: 1
  m_Avatar: {fileID: 0}
  m_Controller: {fileID: 9100000, guid: a56260d43e7b820409c3832ec58e8b07, type: 2}
  m_CullingMode: 0
  m_UpdateMode: 0
  m_ApplyRootMotion: 0
  m_LinearVelocityBlending: 0
  m_WarningMessage: 
  m_HasTransformHierarchy: 1
  m_AllowConstantClipSamplingOptimization: 1
  m_KeepAnimatorControllerStateOnDisable: 0
