%YAML 1.1
%TAG !u! tag:unity3d.com,2011:
--- !u!1 &240761505062038819
GameObject:
  m_ObjectHideFlags: 0
  m_CorrespondingSourceObject: {fileID: 0}
  m_PrefabInstance: {fileID: 0}
  m_PrefabAsset: {fileID: 0}
  serializedVersion: 6
  m_Component:
  - component: {fileID: 3838095655182289310}
  m_Layer: 0
  m_Name: mixamorig:LeftHandIndex2
  m_TagString: Untagged
  m_Icon: {fileID: 0}
  m_NavMeshLayer: 0
  m_StaticEditorFlags: 0
  m_IsActive: 1
--- !u!4 &3838095655182289310
Transform:
  m_ObjectHideFlags: 0
  m_CorrespondingSourceObject: {fileID: 0}
  m_PrefabInstance: {fileID: 0}
  m_PrefabAsset: {fileID: 0}
  m_GameObject: {fileID: 240761505062038819}
  m_LocalRotation: {x: 0.13074341, y: -0.000021257949, z: 0.014682915, w: 0.9913075}
  m_LocalPosition: {x: -0.00044067783, y: 0.8108698, z: 0}
  m_LocalScale: {x: 1, y: 1, z: 1}
  m_Children:
  - {fileID: 8398084704347202673}
  m_Father: {fileID: 8778422385522030641}
  m_RootOrder: 0
  m_LocalEulerAnglesHint: {x: 44.67477, y: 2.479461, z: 6.059026}
--- !u!1 &282744752325617404
GameObject:
  m_ObjectHideFlags: 0
  m_CorrespondingSourceObject: {fileID: 0}
  m_PrefabInstance: {fileID: 0}
  m_PrefabAsset: {fileID: 0}
  serializedVersion: 6
  m_Component:
  - component: {fileID: 4806801159196368959}
  m_Layer: 0
  m_Name: mixamorig:LeftHandRing2
  m_TagString: Untagged
  m_Icon: {fileID: 0}
  m_NavMeshLayer: 0
  m_StaticEditorFlags: 0
  m_IsActive: 1
--- !u!4 &4806801159196368959
Transform:
  m_ObjectHideFlags: 0
  m_CorrespondingSourceObject: {fileID: 0}
  m_PrefabInstance: {fileID: 0}
  m_PrefabAsset: {fileID: 0}
  m_GameObject: {fileID: 282744752325617404}
  m_LocalRotation: {x: 0.16783795, y: -0.0042635314, z: 0.013572356, w: 0.985712}
  m_LocalPosition: {x: 0.045016177, y: 0.8784182, z: -8.881784e-16}
  m_LocalScale: {x: 1, y: 1, z: 1}
  m_Children:
  - {fileID: 7656732420489302313}
  m_Father: {fileID: 4506583171626139590}
  m_RootOrder: 0
  m_LocalEulerAnglesHint: {x: 12.109167, y: 0.09513324, z: 1.2653173}
--- !u!1 &338522770163043211
GameObject:
  m_ObjectHideFlags: 0
  m_CorrespondingSourceObject: {fileID: 0}
  m_PrefabInstance: {fileID: 0}
  m_PrefabAsset: {fileID: 0}
  serializedVersion: 6
  m_Component:
  - component: {fileID: 5400111186391380089}
  m_Layer: 0
  m_Name: mixamorig:RightHandThumb4
  m_TagString: Untagged
  m_Icon: {fileID: 0}
  m_NavMeshLayer: 0
  m_StaticEditorFlags: 0
  m_IsActive: 1
--- !u!4 &5400111186391380089
Transform:
  m_ObjectHideFlags: 0
  m_CorrespondingSourceObject: {fileID: 0}
  m_PrefabInstance: {fileID: 0}
  m_PrefabAsset: {fileID: 0}
  m_GameObject: {fileID: 338522770163043211}
  m_LocalRotation: {x: 0, y: -0, z: -0, w: 1}
  m_LocalPosition: {x: 0.15002091, y: 0.5064273, z: -4.440892e-16}
  m_LocalScale: {x: 1, y: 1, z: 1}
  m_Children: []
  m_Father: {fileID: 7262927568234959255}
  m_RootOrder: 0
  m_LocalEulerAnglesHint: {x: 0, y: 0, z: 0}
--- !u!1 &656260056157109195
GameObject:
  m_ObjectHideFlags: 0
  m_CorrespondingSourceObject: {fileID: 0}
  m_PrefabInstance: {fileID: 0}
  m_PrefabAsset: {fileID: 0}
  serializedVersion: 6
  m_Component:
  - component: {fileID: 1287986729022825965}
  m_Layer: 0
  m_Name: mixamorig:RightHandRing3
  m_TagString: Untagged
  m_Icon: {fileID: 0}
  m_NavMeshLayer: 0
  m_StaticEditorFlags: 0
  m_IsActive: 1
--- !u!4 &1287986729022825965
Transform:
  m_ObjectHideFlags: 0
  m_CorrespondingSourceObject: {fileID: 0}
  m_PrefabInstance: {fileID: 0}
  m_PrefabAsset: {fileID: 0}
  m_GameObject: {fileID: 656260056157109195}
  m_LocalRotation: {x: 0.20179243, y: -0.009016897, z: 0.06566224, w: 0.9771832}
  m_LocalPosition: {x: -0.034435157, y: 0.7992891, z: 0}
  m_LocalScale: {x: 1, y: 1, z: 1}
  m_Children:
  - {fileID: 8058719705334168597}
  m_Father: {fileID: 3013501584835779692}
  m_RootOrder: 0
  m_LocalEulerAnglesHint: {x: -0.17474544, y: 2.172817, z: 11.012763}
--- !u!1 &755148646081513188
GameObject:
  m_ObjectHideFlags: 0
  m_CorrespondingSourceObject: {fileID: 0}
  m_PrefabInstance: {fileID: 0}
  m_PrefabAsset: {fileID: 0}
  serializedVersion: 6
  m_Component:
  - component: {fileID: 4697228842160939802}
  m_Layer: 0
  m_Name: mixamorig:LeftForeArm
  m_TagString: Untagged
  m_Icon: {fileID: 0}
  m_NavMeshLayer: 0
  m_StaticEditorFlags: 0
  m_IsActive: 1
--- !u!4 &4697228842160939802
Transform:
  m_ObjectHideFlags: 0
  m_CorrespondingSourceObject: {fileID: 0}
  m_PrefabInstance: {fileID: 0}
  m_PrefabAsset: {fileID: 0}
  m_GameObject: {fileID: 755148646081513188}
  m_LocalRotation: {x: 0.019023841, y: 0.038452636, z: -0.20786676, w: 0.97721595}
  m_LocalPosition: {x: -0, y: 2.4389277, z: 2.220446e-16}
  m_LocalScale: {x: 1, y: 1, z: 1}
  m_Children:
  - {fileID: 1946355771754326210}
  m_Father: {fileID: 6454790445531300545}
  m_RootOrder: 0
  m_LocalEulerAnglesHint: {x: 1.4144483, y: -0.3931067, z: -27.433636}
--- !u!1 &788871553842486752
GameObject:
  m_ObjectHideFlags: 0
  m_CorrespondingSourceObject: {fileID: 0}
  m_PrefabInstance: {fileID: 0}
  m_PrefabAsset: {fileID: 0}
  serializedVersion: 6
  m_Component:
  - component: {fileID: 6454790445531300545}
  m_Layer: 0
  m_Name: mixamorig:LeftArm
  m_TagString: Untagged
  m_Icon: {fileID: 0}
  m_NavMeshLayer: 0
  m_StaticEditorFlags: 0
  m_IsActive: 1
--- !u!4 &6454790445531300545
Transform:
  m_ObjectHideFlags: 0
  m_CorrespondingSourceObject: {fileID: 0}
  m_PrefabInstance: {fileID: 0}
  m_PrefabAsset: {fileID: 0}
  m_GameObject: {fileID: 788871553842486752}
  m_LocalRotation: {x: 0.27419433, y: -0.094484664, z: -0.13044716, w: 0.9480895}
  m_LocalPosition: {x: -0, y: 2.6157205, z: 0}
  m_LocalScale: {x: 1, y: 1, z: 1}
  m_Children:
  - {fileID: 4697228842160939802}
  m_Father: {fileID: 4377165808605095327}
  m_RootOrder: 0
  m_LocalEulerAnglesHint: {x: 56.61985, y: 8.391184, z: -2.6673594}
--- !u!1 &821534505843216386
GameObject:
  m_ObjectHideFlags: 0
  m_CorrespondingSourceObject: {fileID: 0}
  m_PrefabInstance: {fileID: 0}
  m_PrefabAsset: {fileID: 0}
  serializedVersion: 6
  m_Component:
  - component: {fileID: 3013501584835779692}
  m_Layer: 0
  m_Name: mixamorig:RightHandRing2
  m_TagString: Untagged
  m_Icon: {fileID: 0}
  m_NavMeshLayer: 0
  m_StaticEditorFlags: 0
  m_IsActive: 1
--- !u!4 &3013501584835779692
Transform:
  m_ObjectHideFlags: 0
  m_CorrespondingSourceObject: {fileID: 0}
  m_PrefabInstance: {fileID: 0}
  m_PrefabAsset: {fileID: 0}
  m_GameObject: {fileID: 821534505843216386}
  m_LocalRotation: {x: 0.40275982, y: 0.015514937, z: -0.02820694, w: 0.91473943}
  m_LocalPosition: {x: -0.04929543, y: 0.8824457, z: 0}
  m_LocalScale: {x: 1, y: 1, z: 1}
  m_Children:
  - {fileID: 1287986729022825965}
  m_Father: {fileID: 6216398506517051428}
  m_RootOrder: 0
  m_LocalEulerAnglesHint: {x: 4.5193458, y: -0.32156092, z: -0.52794325}
--- !u!1 &1015289246955619612
GameObject:
  m_ObjectHideFlags: 0
  m_CorrespondingSourceObject: {fileID: 0}
  m_PrefabInstance: {fileID: 0}
  m_PrefabAsset: {fileID: 0}
  serializedVersion: 6
  m_Component:
  - component: {fileID: 4377165808605095327}
  m_Layer: 0
  m_Name: mixamorig:LeftShoulder
  m_TagString: Untagged
  m_Icon: {fileID: 0}
  m_NavMeshLayer: 0
  m_StaticEditorFlags: 0
  m_IsActive: 1
--- !u!4 &4377165808605095327
Transform:
  m_ObjectHideFlags: 0
  m_CorrespondingSourceObject: {fileID: 0}
  m_PrefabInstance: {fileID: 0}
  m_PrefabAsset: {fileID: 0}
  m_GameObject: {fileID: 1015289246955619612}
  m_LocalRotation: {x: 0.6443491, y: -0.34021387, z: 0.5739976, w: 0.37362492}
  m_LocalPosition: {x: -1.2098486, y: 1.8446827, z: -0.041834794}
  m_LocalScale: {x: 1, y: 1, z: 1}
  m_Children:
  - {fileID: 6454790445531300545}
  m_Father: {fileID: 8510989661361215757}
  m_RootOrder: 0
  m_LocalEulerAnglesHint: {x: 81.90772, y: 93.47085, z: -177.92513}
--- !u!1 &1041439074649359535
GameObject:
  m_ObjectHideFlags: 0
  m_CorrespondingSourceObject: {fileID: 0}
  m_PrefabInstance: {fileID: 0}
  m_PrefabAsset: {fileID: 0}
  serializedVersion: 6
  m_Component:
  - component: {fileID: 4637137673135871839}
  - component: {fileID: 2487264331916035254}
  m_Layer: 0
  m_Name: pasted__pCube7
  m_TagString: Untagged
  m_Icon: {fileID: 0}
  m_NavMeshLayer: 0
  m_StaticEditorFlags: 0
  m_IsActive: 1
--- !u!4 &4637137673135871839
Transform:
  m_ObjectHideFlags: 0
  m_CorrespondingSourceObject: {fileID: 0}
  m_PrefabInstance: {fileID: 0}
  m_PrefabAsset: {fileID: 0}
  m_GameObject: {fileID: 1041439074649359535}
  m_LocalRotation: {x: 0, y: -0, z: -0, w: 1}
  m_LocalPosition: {x: -0, y: 0, z: 0}
  m_LocalScale: {x: 1, y: 1, z: 1}
  m_Children: []
  m_Father: {fileID: 7687697095934786682}
  m_RootOrder: 1
  m_LocalEulerAnglesHint: {x: 0, y: 0, z: 0}
--- !u!137 &2487264331916035254
SkinnedMeshRenderer:
  m_ObjectHideFlags: 0
  m_CorrespondingSourceObject: {fileID: 0}
  m_PrefabInstance: {fileID: 0}
  m_PrefabAsset: {fileID: 0}
  m_GameObject: {fileID: 1041439074649359535}
  m_Enabled: 1
  m_CastShadows: 1
  m_ReceiveShadows: 1
  m_DynamicOccludee: 1
  m_MotionVectors: 1
  m_LightProbeUsage: 1
  m_ReflectionProbeUsage: 1
  m_RayTracingMode: 0
  m_RenderingLayerMask: 1
  m_RendererPriority: 0
  m_Materials:
  - {fileID: 2100000, guid: 1e01f36796b4e074faf3eb104dcd8910, type: 2}
  m_StaticBatchInfo:
    firstSubMesh: 0
    subMeshCount: 0
  m_StaticBatchRoot: {fileID: 0}
  m_ProbeAnchor: {fileID: 0}
  m_LightProbeVolumeOverride: {fileID: 0}
  m_ScaleInLightmap: 1
  m_ReceiveGI: 1
  m_PreserveUVs: 0
  m_IgnoreNormalsForChartDetection: 0
  m_ImportantGI: 0
  m_StitchLightmapSeams: 1
  m_SelectedEditorRenderState: 3
  m_MinimumChartSize: 4
  m_AutoUVMaxDistance: 0.5
  m_AutoUVMaxAngle: 89
  m_LightmapParameters: {fileID: 0}
  m_SortingLayerID: 0
  m_SortingLayer: 0
  m_SortingOrder: 0
  serializedVersion: 2
  m_Quality: 0
  m_UpdateWhenOffscreen: 0
  m_SkinnedMotionVectors: 1
  m_Mesh: {fileID: -1169194175071857689, guid: 898fbb2a9843b7f4196b8d0fc5782184, type: 3}
  m_Bones:
  - {fileID: 4137483621587912194}
  - {fileID: 4132648934283708729}
  - {fileID: 8509430779869919893}
  - {fileID: 1191877692073689621}
  m_BlendShapeWeights: []
  m_RootBone: {fileID: 1191877692073689621}
  m_AABB:
    m_Center: {x: 0.5974052, y: 11.07368, z: -0.41263604}
    m_Extent: {x: 2.9925833, y: 4.27777, z: 4.761752}
  m_DirtyAABB: 0
--- !u!1 &1081696188137469996
GameObject:
  m_ObjectHideFlags: 0
  m_CorrespondingSourceObject: {fileID: 0}
  m_PrefabInstance: {fileID: 0}
  m_PrefabAsset: {fileID: 0}
  serializedVersion: 6
  m_Component:
  - component: {fileID: 4589520543376301880}
  - component: {fileID: 4924845037378456607}
  m_Layer: 0
  m_Name: polySurface78
  m_TagString: Untagged
  m_Icon: {fileID: 0}
  m_NavMeshLayer: 0
  m_StaticEditorFlags: 0
  m_IsActive: 1
--- !u!4 &4589520543376301880
Transform:
  m_ObjectHideFlags: 0
  m_CorrespondingSourceObject: {fileID: 0}
  m_PrefabInstance: {fileID: 0}
  m_PrefabAsset: {fileID: 0}
  m_GameObject: {fileID: 1081696188137469996}
  m_LocalRotation: {x: 0, y: -0, z: -0, w: 1}
  m_LocalPosition: {x: -0, y: 0, z: 0}
  m_LocalScale: {x: 1, y: 1, z: 1}
  m_Children: []
  m_Father: {fileID: 7687697095934786682}
  m_RootOrder: 8
  m_LocalEulerAnglesHint: {x: 0, y: 0, z: 0}
--- !u!137 &4924845037378456607
SkinnedMeshRenderer:
  m_ObjectHideFlags: 0
  m_CorrespondingSourceObject: {fileID: 0}
  m_PrefabInstance: {fileID: 0}
  m_PrefabAsset: {fileID: 0}
  m_GameObject: {fileID: 1081696188137469996}
  m_Enabled: 1
  m_CastShadows: 1
  m_ReceiveShadows: 1
  m_DynamicOccludee: 1
  m_MotionVectors: 1
  m_LightProbeUsage: 1
  m_ReflectionProbeUsage: 1
  m_RayTracingMode: 0
  m_RenderingLayerMask: 1
  m_RendererPriority: 0
  m_Materials:
  - {fileID: 2100000, guid: d99e99d383db0fc49ae9df29a7116d4e, type: 2}
  - {fileID: 2100000, guid: 845c2941a665d4441b304827c4032377, type: 2}
  m_StaticBatchInfo:
    firstSubMesh: 0
    subMeshCount: 0
  m_StaticBatchRoot: {fileID: 0}
  m_ProbeAnchor: {fileID: 0}
  m_LightProbeVolumeOverride: {fileID: 0}
  m_ScaleInLightmap: 1
  m_ReceiveGI: 1
  m_PreserveUVs: 0
  m_IgnoreNormalsForChartDetection: 0
  m_ImportantGI: 0
  m_StitchLightmapSeams: 1
  m_SelectedEditorRenderState: 3
  m_MinimumChartSize: 4
  m_AutoUVMaxDistance: 0.5
  m_AutoUVMaxAngle: 89
  m_LightmapParameters: {fileID: 0}
  m_SortingLayerID: 0
  m_SortingLayer: 0
  m_SortingOrder: 0
  serializedVersion: 2
  m_Quality: 0
  m_UpdateWhenOffscreen: 0
  m_SkinnedMotionVectors: 1
  m_Mesh: {fileID: -786622319771380696, guid: 898fbb2a9843b7f4196b8d0fc5782184, type: 3}
  m_Bones:
  - {fileID: 8972783923589315353}
  - {fileID: 6216398506517051428}
  - {fileID: 79545744768424154}
  - {fileID: 3314534212279843749}
  - {fileID: 2403389725397637462}
  - {fileID: 7262927568234959255}
  - {fileID: 3013501584835779692}
  - {fileID: 3004538287280493255}
  - {fileID: 5129675410986973539}
  - {fileID: 1287986729022825965}
  - {fileID: 5292792286458465413}
  - {fileID: 8490769559900459293}
  - {fileID: 8510989661361215757}
  - {fileID: 3522984254061107578}
  - {fileID: 4506583171626139590}
  - {fileID: 1946355771754326210}
  - {fileID: 4588970661486339261}
  - {fileID: 710313981389553785}
  - {fileID: 8778422385522030641}
  - {fileID: 3838095655182289310}
  - {fileID: 4806801159196368959}
  - {fileID: 8398084704347202673}
  - {fileID: 7656732420489302313}
  - {fileID: 5037444352123042342}
  - {fileID: 4697228842160939802}
  - {fileID: 6454790445531300545}
  - {fileID: 4377165808605095327}
  - {fileID: 6431508220999852840}
  - {fileID: 7875385254952640252}
  - {fileID: 7881876544626121562}
  - {fileID: 4879698301310826397}
  - {fileID: 8917155824708611565}
  - {fileID: 483880409952066189}
  - {fileID: 1191877692073689621}
  m_BlendShapeWeights: []
  m_RootBone: {fileID: 7875385254952640252}
  m_AABB:
    m_Center: {x: 0.51868224, y: 2.8658693, z: 0.8918097}
    m_Extent: {x: 7.751795, y: 6.811079, z: 4.6526546}
  m_DirtyAABB: 0
--- !u!1 &1125490746962465954
GameObject:
  m_ObjectHideFlags: 0
  m_CorrespondingSourceObject: {fileID: 0}
  m_PrefabInstance: {fileID: 0}
  m_PrefabAsset: {fileID: 0}
  serializedVersion: 6
  m_Component:
  - component: {fileID: 4879698301310826397}
  m_Layer: 0
  m_Name: mixamorig:RightUpLeg
  m_TagString: Untagged
  m_Icon: {fileID: 0}
  m_NavMeshLayer: 0
  m_StaticEditorFlags: 0
  m_IsActive: 1
--- !u!4 &4879698301310826397
Transform:
  m_ObjectHideFlags: 0
  m_CorrespondingSourceObject: {fileID: 0}
  m_PrefabInstance: {fileID: 0}
  m_PrefabAsset: {fileID: 0}
  m_GameObject: {fileID: 1125490746962465954}
  m_LocalRotation: {x: 0.09185637, y: 0.2476815, z: 0.9631873, w: -0.049865562}
  m_LocalPosition: {x: 1.9017615, y: -0.86116743, z: 0.3614292}
  m_LocalScale: {x: 1, y: 1, z: 1}
  m_Children:
  - {fileID: 2741349595749749725}
  m_Father: {fileID: 7875385254952640252}
  m_RootOrder: 1
  m_LocalEulerAnglesHint: {x: -35.792984, y: 10.223944, z: -170.39983}
--- !u!1 &1304101981871334611
GameObject:
  m_ObjectHideFlags: 0
  m_CorrespondingSourceObject: {fileID: 0}
  m_PrefabInstance: {fileID: 0}
  m_PrefabAsset: {fileID: 0}
  serializedVersion: 6
  m_Component:
  - component: {fileID: 3314534212279843749}
  m_Layer: 0
  m_Name: mixamorig:RightHandIndex1
  m_TagString: Untagged
  m_Icon: {fileID: 0}
  m_NavMeshLayer: 0
  m_StaticEditorFlags: 0
  m_IsActive: 1
--- !u!4 &3314534212279843749
Transform:
  m_ObjectHideFlags: 0
  m_CorrespondingSourceObject: {fileID: 0}
  m_PrefabInstance: {fileID: 0}
  m_PrefabAsset: {fileID: 0}
  m_GameObject: {fileID: 1304101981871334611}
  m_LocalRotation: {x: 0.14666276, y: 0.006591271, z: 0.21445347, w: 0.9656378}
  m_LocalPosition: {x: -0.76541036, y: 1.9488901, z: 0.01315689}
  m_LocalScale: {x: 1, y: 1, z: 1}
  m_Children:
  - {fileID: 3004538287280493255}
  m_Father: {fileID: 8972783923589315353}
  m_RootOrder: 0
  m_LocalEulerAnglesHint: {x: 23.131086, y: 8.723833, z: 25.607994}
--- !u!1 &1321896794236722717
GameObject:
  m_ObjectHideFlags: 0
  m_CorrespondingSourceObject: {fileID: 0}
  m_PrefabInstance: {fileID: 0}
  m_PrefabAsset: {fileID: 0}
  serializedVersion: 6
  m_Component:
  - component: {fileID: 483880409952066189}
  m_Layer: 0
  m_Name: mixamorig:Head
  m_TagString: Untagged
  m_Icon: {fileID: 0}
  m_NavMeshLayer: 0
  m_StaticEditorFlags: 0
  m_IsActive: 1
--- !u!4 &483880409952066189
Transform:
  m_ObjectHideFlags: 0
  m_CorrespondingSourceObject: {fileID: 0}
  m_PrefabInstance: {fileID: 0}
  m_PrefabAsset: {fileID: 0}
  m_GameObject: {fileID: 1321896794236722717}
  m_LocalRotation: {x: -0.019078052, y: -0.053431388, z: 0.014824414, w: 0.9982792}
  m_LocalPosition: {x: -0, y: 1.5048583, z: 0.09339404}
  m_LocalScale: {x: 1, y: 1, z: 1}
  m_Children:
  - {fileID: 7244211654122689544}
  m_Father: {fileID: 8917155824708611565}
  m_RootOrder: 0
  m_LocalEulerAnglesHint: {x: -18.599653, y: -13.163916, z: 0.30544043}
--- !u!1 &1499781939361367880
GameObject:
  m_ObjectHideFlags: 0
  m_CorrespondingSourceObject: {fileID: 0}
  m_PrefabInstance: {fileID: 0}
  m_PrefabAsset: {fileID: 0}
  serializedVersion: 6
  m_Component:
  - component: {fileID: 8509430779869919893}
  m_Layer: 0
  m_Name: mixamorig:LeftLeg
  m_TagString: Untagged
  m_Icon: {fileID: 0}
  m_NavMeshLayer: 0
  m_StaticEditorFlags: 0
  m_IsActive: 1
--- !u!4 &8509430779869919893
Transform:
  m_ObjectHideFlags: 0
  m_CorrespondingSourceObject: {fileID: 0}
  m_PrefabInstance: {fileID: 0}
  m_PrefabAsset: {fileID: 0}
  m_GameObject: {fileID: 1499781939361367880}
  m_LocalRotation: {x: -0.20895857, y: -0.064521804, z: 0.007971121, w: 0.9757611}
  m_LocalPosition: {x: 2.220446e-16, y: 5.161009, z: 0}
  m_LocalScale: {x: 1, y: 1, z: 1}
  m_Children:
  - {fileID: 4137483621587912194}
  m_Father: {fileID: 1191877692073689621}
  m_RootOrder: 0
  m_LocalEulerAnglesHint: {x: -78.07441, y: 58.903538, z: -66.25398}
--- !u!1 &1684265970214615064
GameObject:
  m_ObjectHideFlags: 0
  m_CorrespondingSourceObject: {fileID: 0}
  m_PrefabInstance: {fileID: 0}
  m_PrefabAsset: {fileID: 0}
  serializedVersion: 6
  m_Component:
  - component: {fileID: 3004538287280493255}
  m_Layer: 0
  m_Name: mixamorig:RightHandIndex2
  m_TagString: Untagged
  m_Icon: {fileID: 0}
  m_NavMeshLayer: 0
  m_StaticEditorFlags: 0
  m_IsActive: 1
--- !u!4 &3004538287280493255
Transform:
  m_ObjectHideFlags: 0
  m_CorrespondingSourceObject: {fileID: 0}
  m_PrefabInstance: {fileID: 0}
  m_PrefabAsset: {fileID: 0}
  m_GameObject: {fileID: 1684265970214615064}
  m_LocalRotation: {x: 0.2056237, y: -0.000037977563, z: -0.019159226, w: 0.97844356}
  m_LocalPosition: {x: -0.00025192788, y: 0.77962583, z: 8.881784e-16}
  m_LocalScale: {x: 1, y: 1, z: 1}
  m_Children:
  - {fileID: 5129675410986973539}
  m_Father: {fileID: 3314534212279843749}
  m_RootOrder: 0
  m_LocalEulerAnglesHint: {x: 4.122634, y: -0.019624114, z: -0.83519167}
--- !u!1 &1986176454975893204
GameObject:
  m_ObjectHideFlags: 0
  m_CorrespondingSourceObject: {fileID: 0}
  m_PrefabInstance: {fileID: 0}
  m_PrefabAsset: {fileID: 0}
  serializedVersion: 6
  m_Component:
  - component: {fileID: 8490769559900459293}
  m_Layer: 0
  m_Name: mixamorig:RightArm
  m_TagString: Untagged
  m_Icon: {fileID: 0}
  m_NavMeshLayer: 0
  m_StaticEditorFlags: 0
  m_IsActive: 1
--- !u!4 &8490769559900459293
Transform:
  m_ObjectHideFlags: 0
  m_CorrespondingSourceObject: {fileID: 0}
  m_PrefabInstance: {fileID: 0}
  m_PrefabAsset: {fileID: 0}
  m_GameObject: {fileID: 1986176454975893204}
  m_LocalRotation: {x: 0.29108083, y: 0.14790122, z: 0.09207379, w: 0.94070166}
  m_LocalPosition: {x: -0, y: 2.6157205, z: 1.110223e-16}
  m_LocalScale: {x: 1, y: 1, z: 1}
  m_Children:
  - {fileID: 5292792286458465413}
  m_Father: {fileID: 3522984254061107578}
  m_RootOrder: 0
  m_LocalEulerAnglesHint: {x: 41.375053, y: -59.165836, z: -14.680223}
--- !u!1 &1997203111804285841
GameObject:
  m_ObjectHideFlags: 0
  m_CorrespondingSourceObject: {fileID: 0}
  m_PrefabInstance: {fileID: 0}
  m_PrefabAsset: {fileID: 0}
  serializedVersion: 6
  m_Component:
  - component: {fileID: 6431508220999852840}
  m_Layer: 0
  m_Name: mixamorig:Spine1
  m_TagString: Untagged
  m_Icon: {fileID: 0}
  m_NavMeshLayer: 0
  m_StaticEditorFlags: 0
  m_IsActive: 1
--- !u!4 &6431508220999852840
Transform:
  m_ObjectHideFlags: 0
  m_CorrespondingSourceObject: {fileID: 0}
  m_PrefabInstance: {fileID: 0}
  m_PrefabAsset: {fileID: 0}
  m_GameObject: {fileID: 1997203111804285841}
  m_LocalRotation: {x: 0.017460624, y: 0.022995573, z: -0.0006978125, w: 0.9995828}
  m_LocalPosition: {x: -0, y: 1.8192273, z: 2.220446e-16}
  m_LocalScale: {x: 1, y: 1, z: 1}
  m_Children:
  - {fileID: 8510989661361215757}
  m_Father: {fileID: 7881876544626121562}
  m_RootOrder: 0
  m_LocalEulerAnglesHint: {x: 0.506734, y: -0.7133002, z: -1.5533336}
--- !u!1 &2790260679078421964
GameObject:
  m_ObjectHideFlags: 0
  m_CorrespondingSourceObject: {fileID: 0}
  m_PrefabInstance: {fileID: 0}
  m_PrefabAsset: {fileID: 0}
  serializedVersion: 6
  m_Component:
  - component: {fileID: 8972783923589315353}
  m_Layer: 0
  m_Name: mixamorig:RightHand
  m_TagString: Untagged
  m_Icon: {fileID: 0}
  m_NavMeshLayer: 0
  m_StaticEditorFlags: 0
  m_IsActive: 1
--- !u!4 &8972783923589315353
Transform:
  m_ObjectHideFlags: 0
  m_CorrespondingSourceObject: {fileID: 0}
  m_PrefabInstance: {fileID: 0}
  m_PrefabAsset: {fileID: 0}
  m_GameObject: {fileID: 2790260679078421964}
  m_LocalRotation: {x: 0.035297316, y: 0.09745857, z: -0.07257089, w: 0.99196243}
  m_LocalPosition: {x: -0, y: 3.9922268, z: -1.110223e-16}
  m_LocalScale: {x: 1, y: 1, z: 1}
  m_Children:
  - {fileID: 3314534212279843749}
  - {fileID: 6216398506517051428}
  - {fileID: 79545744768424154}
  m_Father: {fileID: 5292792286458465413}
  m_RootOrder: 0
  m_LocalEulerAnglesHint: {x: 4.319112, y: 12.247957, z: -52.013947}
--- !u!1 &2977106313026199761
GameObject:
  m_ObjectHideFlags: 0
  m_CorrespondingSourceObject: {fileID: 0}
  m_PrefabInstance: {fileID: 0}
  m_PrefabAsset: {fileID: 0}
  serializedVersion: 6
  m_Component:
  - component: {fileID: 2403389725397637462}
  m_Layer: 0
  m_Name: mixamorig:RightHandThumb2
  m_TagString: Untagged
  m_Icon: {fileID: 0}
  m_NavMeshLayer: 0
  m_StaticEditorFlags: 0
  m_IsActive: 1
--- !u!4 &2403389725397637462
Transform:
  m_ObjectHideFlags: 0
  m_CorrespondingSourceObject: {fileID: 0}
  m_PrefabInstance: {fileID: 0}
  m_PrefabAsset: {fileID: 0}
  m_GameObject: {fileID: 2977106313026199761}
  m_LocalRotation: {x: -0.048874043, y: -0.006775611, z: -0.25216946, w: 0.96642435}
  m_LocalPosition: {x: -0.040462144, y: 0.8095635, z: 4.440892e-16}
  m_LocalScale: {x: 1, y: 1, z: 1}
  m_Children:
  - {fileID: 7262927568234959255}
  m_Father: {fileID: 79545744768424154}
  m_RootOrder: 0
  m_LocalEulerAnglesHint: {x: 1.0252142, y: -0.9743058, z: -16.824333}
--- !u!1 &3104694101816068346
GameObject:
  m_ObjectHideFlags: 0
  m_CorrespondingSourceObject: {fileID: 0}
  m_PrefabInstance: {fileID: 0}
  m_PrefabAsset: {fileID: 0}
  serializedVersion: 6
  m_Component:
  - component: {fileID: 8058719705334168597}
  m_Layer: 0
  m_Name: mixamorig:RightHandRing4
  m_TagString: Untagged
  m_Icon: {fileID: 0}
  m_NavMeshLayer: 0
  m_StaticEditorFlags: 0
  m_IsActive: 1
--- !u!4 &8058719705334168597
Transform:
  m_ObjectHideFlags: 0
  m_CorrespondingSourceObject: {fileID: 0}
  m_PrefabInstance: {fileID: 0}
  m_PrefabAsset: {fileID: 0}
  m_GameObject: {fileID: 3104694101816068346}
  m_LocalRotation: {x: 0, y: -0, z: -0, w: 1}
  m_LocalPosition: {x: 0.083730586, y: 0.64882827, z: 8.881784e-16}
  m_LocalScale: {x: 1, y: 1, z: 1}
  m_Children: []
  m_Father: {fileID: 1287986729022825965}
  m_RootOrder: 0
  m_LocalEulerAnglesHint: {x: 0, y: 0, z: 0}
--- !u!1 &3310434320474690119
GameObject:
  m_ObjectHideFlags: 0
  m_CorrespondingSourceObject: {fileID: 0}
  m_PrefabInstance: {fileID: 0}
  m_PrefabAsset: {fileID: 0}
  serializedVersion: 6
  m_Component:
  - component: {fileID: 6243212177074334285}
  m_Layer: 0
  m_Name: mixamorig:LeftToe_End
  m_TagString: Untagged
  m_Icon: {fileID: 0}
  m_NavMeshLayer: 0
  m_StaticEditorFlags: 0
  m_IsActive: 1
--- !u!4 &6243212177074334285
Transform:
  m_ObjectHideFlags: 0
  m_CorrespondingSourceObject: {fileID: 0}
  m_PrefabInstance: {fileID: 0}
  m_PrefabAsset: {fileID: 0}
  m_GameObject: {fileID: 3310434320474690119}
  m_LocalRotation: {x: 0, y: -0, z: -0, w: 1}
  m_LocalPosition: {x: -4.440892e-16, y: 1.8968933, z: 3.5527137e-15}
  m_LocalScale: {x: 1, y: 1, z: 1}
  m_Children: []
  m_Father: {fileID: 4132648934283708729}
  m_RootOrder: 0
  m_LocalEulerAnglesHint: {x: 0, y: 0, z: 0}
--- !u!1 &3447829997565999562
GameObject:
  m_ObjectHideFlags: 0
  m_CorrespondingSourceObject: {fileID: 0}
  m_PrefabInstance: {fileID: 0}
  m_PrefabAsset: {fileID: 0}
  serializedVersion: 6
  m_Component:
  - component: {fileID: 1946355771754326210}
  m_Layer: 0
  m_Name: mixamorig:LeftHand
  m_TagString: Untagged
  m_Icon: {fileID: 0}
  m_NavMeshLayer: 0
  m_StaticEditorFlags: 0
  m_IsActive: 1
--- !u!4 &1946355771754326210
Transform:
  m_ObjectHideFlags: 0
  m_CorrespondingSourceObject: {fileID: 0}
  m_PrefabInstance: {fileID: 0}
  m_PrefabAsset: {fileID: 0}
  m_GameObject: {fileID: 3447829997565999562}
  m_LocalRotation: {x: 0.07348248, y: -0.116455175, z: 0.21376874, w: 0.96713054}
  m_LocalPosition: {x: 2.220446e-16, y: 3.995979, z: 2.220446e-16}
  m_LocalScale: {x: 1, y: 1, z: 1}
  m_Children:
  - {fileID: 8778422385522030641}
  - {fileID: 4506583171626139590}
  - {fileID: 4588970661486339261}
  m_Father: {fileID: 4697228842160939802}
  m_RootOrder: 0
  m_LocalEulerAnglesHint: {x: 3.9162464, y: 2.1973076, z: 33.7587}
--- !u!1 &3472282378045694191
GameObject:
  m_ObjectHideFlags: 0
  m_CorrespondingSourceObject: {fileID: 0}
  m_PrefabInstance: {fileID: 0}
  m_PrefabAsset: {fileID: 0}
  serializedVersion: 6
  m_Component:
  - component: {fileID: 8778422385522030641}
  m_Layer: 0
  m_Name: mixamorig:LeftHandIndex1
  m_TagString: Untagged
  m_Icon: {fileID: 0}
  m_NavMeshLayer: 0
  m_StaticEditorFlags: 0
  m_IsActive: 1
--- !u!4 &8778422385522030641
Transform:
  m_ObjectHideFlags: 0
  m_CorrespondingSourceObject: {fileID: 0}
  m_PrefabInstance: {fileID: 0}
  m_PrefabAsset: {fileID: 0}
  m_GameObject: {fileID: 3472282378045694191}
  m_LocalRotation: {x: 0.18762726, y: -0.014604645, z: -0.19510396, w: 0.9625576}
  m_LocalPosition: {x: 0.7486993, y: 1.9263823, z: 0.0035363594}
  m_LocalScale: {x: 1, y: 1, z: 1}
  m_Children:
  - {fileID: 3838095655182289310}
  m_Father: {fileID: 1946355771754326210}
  m_RootOrder: 0
  m_LocalEulerAnglesHint: {x: 5.7548547, y: -2.451658, z: -27.309526}
--- !u!1 &3625037336565791795
GameObject:
  m_ObjectHideFlags: 0
  m_CorrespondingSourceObject: {fileID: 0}
  m_PrefabInstance: {fileID: 0}
  m_PrefabAsset: {fileID: 0}
  serializedVersion: 6
  m_Component:
  - component: {fileID: 8276979019296131654}
  - component: {fileID: 6145985151721880528}
  - component: {fileID: 6670717369412486196}
  - component: {fileID: 5817273419769299069}
  m_Layer: 0
  m_Name: Sphere
  m_TagString: Untagged
  m_Icon: {fileID: 0}
  m_NavMeshLayer: 0
  m_StaticEditorFlags: 0
  m_IsActive: 1
--- !u!4 &8276979019296131654
Transform:
  m_ObjectHideFlags: 0
  m_CorrespondingSourceObject: {fileID: 0}
  m_PrefabInstance: {fileID: 0}
  m_PrefabAsset: {fileID: 0}
  m_GameObject: {fileID: 3625037336565791795}
  m_LocalRotation: {x: 0, y: 0.9848078, z: -0, w: -0.17364809}
  m_LocalPosition: {x: 8.4, y: 3.27, z: 1.65843}
  m_LocalScale: {x: 4.958333, y: 4.9583325, z: 4.958333}
  m_Children: []
  m_Father: {fileID: 7687697095934786682}
  m_RootOrder: 10
  m_LocalEulerAnglesHint: {x: 0, y: 0, z: 0}
--- !u!33 &6145985151721880528
MeshFilter:
  m_ObjectHideFlags: 0
  m_CorrespondingSourceObject: {fileID: 0}
  m_PrefabInstance: {fileID: 0}
  m_PrefabAsset: {fileID: 0}
  m_GameObject: {fileID: 3625037336565791795}
  m_Mesh: {fileID: 10207, guid: 0000000000000000e000000000000000, type: 0}
--- !u!23 &6670717369412486196
MeshRenderer:
  m_ObjectHideFlags: 0
  m_CorrespondingSourceObject: {fileID: 0}
  m_PrefabInstance: {fileID: 0}
  m_PrefabAsset: {fileID: 0}
  m_GameObject: {fileID: 3625037336565791795}
  m_Enabled: 1
  m_CastShadows: 1
  m_ReceiveShadows: 1
  m_DynamicOccludee: 1
  m_MotionVectors: 1
  m_LightProbeUsage: 1
  m_ReflectionProbeUsage: 1
  m_RayTracingMode: 2
  m_RenderingLayerMask: 1
  m_RendererPriority: 0
  m_Materials:
  - {fileID: 2100000, guid: 452c50a383742b840ba9c2087e45a765, type: 2}
  m_StaticBatchInfo:
    firstSubMesh: 0
    subMeshCount: 0
  m_StaticBatchRoot: {fileID: 0}
  m_ProbeAnchor: {fileID: 0}
  m_LightProbeVolumeOverride: {fileID: 0}
  m_ScaleInLightmap: 1
  m_ReceiveGI: 1
  m_PreserveUVs: 0
  m_IgnoreNormalsForChartDetection: 0
  m_ImportantGI: 0
  m_StitchLightmapSeams: 1
  m_SelectedEditorRenderState: 3
  m_MinimumChartSize: 4
  m_AutoUVMaxDistance: 0.5
  m_AutoUVMaxAngle: 89
  m_LightmapParameters: {fileID: 0}
  m_SortingLayerID: 0
  m_SortingLayer: 0
  m_SortingOrder: 0
--- !u!111 &5817273419769299069
Animation:
  m_ObjectHideFlags: 0
  m_CorrespondingSourceObject: {fileID: 0}
  m_PrefabInstance: {fileID: 0}
  m_PrefabAsset: {fileID: 0}
  m_GameObject: {fileID: 3625037336565791795}
  m_Enabled: 1
  serializedVersion: 3
  m_Animation: {fileID: 0}
  m_Animations:
  - {fileID: 7400000, guid: 8350a20ac2ae97c4f8c3b8ca31eb7336, type: 2}
  m_WrapMode: 0
  m_PlayAutomatically: 1
  m_AnimatePhysics: 0
  m_CullingType: 0
--- !u!1 &3628053075288921738
GameObject:
  m_ObjectHideFlags: 0
  m_CorrespondingSourceObject: {fileID: 0}
  m_PrefabInstance: {fileID: 0}
  m_PrefabAsset: {fileID: 0}
  serializedVersion: 6
  m_Component:
  - component: {fileID: 5081947139085328000}
  m_Layer: 0
  m_Name: mixamorig:RightToe_End
  m_TagString: Untagged
  m_Icon: {fileID: 0}
  m_NavMeshLayer: 0
  m_StaticEditorFlags: 0
  m_IsActive: 1
--- !u!4 &5081947139085328000
Transform:
  m_ObjectHideFlags: 0
  m_CorrespondingSourceObject: {fileID: 0}
  m_PrefabInstance: {fileID: 0}
  m_PrefabAsset: {fileID: 0}
  m_GameObject: {fileID: 3628053075288921738}
  m_LocalRotation: {x: 0, y: -0, z: -0, w: 1}
  m_LocalPosition: {x: -4.440892e-16, y: 1.9140301, z: -3.5527137e-15}
  m_LocalScale: {x: 1, y: 1, z: 1}
  m_Children: []
  m_Father: {fileID: 5983794952291362517}
  m_RootOrder: 0
  m_LocalEulerAnglesHint: {x: 0, y: 0, z: 0}
--- !u!1 &3879824588685445357
GameObject:
  m_ObjectHideFlags: 0
  m_CorrespondingSourceObject: {fileID: 0}
  m_PrefabInstance: {fileID: 0}
  m_PrefabAsset: {fileID: 0}
  serializedVersion: 6
  m_Component:
  - component: {fileID: 3522984254061107578}
  m_Layer: 0
  m_Name: mixamorig:RightShoulder
  m_TagString: Untagged
  m_Icon: {fileID: 0}
  m_NavMeshLayer: 0
  m_StaticEditorFlags: 0
  m_IsActive: 1
--- !u!4 &3522984254061107578
Transform:
  m_ObjectHideFlags: 0
  m_CorrespondingSourceObject: {fileID: 0}
  m_PrefabInstance: {fileID: 0}
  m_PrefabAsset: {fileID: 0}
  m_GameObject: {fileID: 3879824588685445357}
  m_LocalRotation: {x: 0.62781054, y: 0.35475907, z: -0.58544207, w: 0.37048286}
  m_LocalPosition: {x: 1.2098486, y: 1.844157, z: -0.03507279}
  m_LocalScale: {x: 1, y: 1, z: 1}
  m_Children:
  - {fileID: 8490769559900459293}
  m_Father: {fileID: 8510989661361215757}
  m_RootOrder: 2
  m_LocalEulerAnglesHint: {x: 85.45395, y: -80.90559, z: -174.30798}
--- !u!1 &3897466108143013259
GameObject:
  m_ObjectHideFlags: 0
  m_CorrespondingSourceObject: {fileID: 0}
  m_PrefabInstance: {fileID: 0}
  m_PrefabAsset: {fileID: 0}
  serializedVersion: 6
  m_Component:
  - component: {fileID: 4506583171626139590}
  m_Layer: 0
  m_Name: mixamorig:LeftHandRing1
  m_TagString: Untagged
  m_Icon: {fileID: 0}
  m_NavMeshLayer: 0
  m_StaticEditorFlags: 0
  m_IsActive: 1
--- !u!4 &4506583171626139590
Transform:
  m_ObjectHideFlags: 0
  m_CorrespondingSourceObject: {fileID: 0}
  m_PrefabInstance: {fileID: 0}
  m_PrefabAsset: {fileID: 0}
  m_GameObject: {fileID: 3897466108143013259}
  m_LocalRotation: {x: 0.26567867, y: -0.06557438, z: -0.091898896, w: 0.9574286}
  m_LocalPosition: {x: -0.37434965, y: 1.9535474, z: -0.0011817437}
  m_LocalScale: {x: 1, y: 1, z: 1}
  m_Children:
  - {fileID: 4806801159196368959}
  m_Father: {fileID: 1946355771754326210}
  m_RootOrder: 1
  m_LocalEulerAnglesHint: {x: 5.775374, y: -3.805214, z: -24.10153}
--- !u!1 &3931617906006679702
GameObject:
  m_ObjectHideFlags: 0
  m_CorrespondingSourceObject: {fileID: 0}
  m_PrefabInstance: {fileID: 0}
  m_PrefabAsset: {fileID: 0}
  serializedVersion: 6
  m_Component:
  - component: {fileID: 7521027774814712729}
  - component: {fileID: 842853517433218225}
  m_Layer: 0
  m_Name: pasted__pPlane33
  m_TagString: Untagged
  m_Icon: {fileID: 0}
  m_NavMeshLayer: 0
  m_StaticEditorFlags: 0
  m_IsActive: 1
--- !u!4 &7521027774814712729
Transform:
  m_ObjectHideFlags: 0
  m_CorrespondingSourceObject: {fileID: 0}
  m_PrefabInstance: {fileID: 0}
  m_PrefabAsset: {fileID: 0}
  m_GameObject: {fileID: 3931617906006679702}
  m_LocalRotation: {x: 0, y: -0, z: -0, w: 1}
  m_LocalPosition: {x: -0, y: 0, z: 0}
  m_LocalScale: {x: 1, y: 1, z: 1}
  m_Children: []
  m_Father: {fileID: 7687697095934786682}
  m_RootOrder: 7
  m_LocalEulerAnglesHint: {x: 0, y: 0, z: 0}
--- !u!137 &842853517433218225
SkinnedMeshRenderer:
  m_ObjectHideFlags: 0
  m_CorrespondingSourceObject: {fileID: 0}
  m_PrefabInstance: {fileID: 0}
  m_PrefabAsset: {fileID: 0}
  m_GameObject: {fileID: 3931617906006679702}
  m_Enabled: 1
  m_CastShadows: 1
  m_ReceiveShadows: 1
  m_DynamicOccludee: 1
  m_MotionVectors: 1
  m_LightProbeUsage: 1
  m_ReflectionProbeUsage: 1
  m_RayTracingMode: 0
  m_RenderingLayerMask: 1
  m_RendererPriority: 0
  m_Materials:
  - {fileID: 2100000, guid: d99e99d383db0fc49ae9df29a7116d4e, type: 2}
  m_StaticBatchInfo:
    firstSubMesh: 0
    subMeshCount: 0
  m_StaticBatchRoot: {fileID: 0}
  m_ProbeAnchor: {fileID: 0}
  m_LightProbeVolumeOverride: {fileID: 0}
  m_ScaleInLightmap: 1
  m_ReceiveGI: 1
  m_PreserveUVs: 0
  m_IgnoreNormalsForChartDetection: 0
  m_ImportantGI: 0
  m_StitchLightmapSeams: 1
  m_SelectedEditorRenderState: 3
  m_MinimumChartSize: 4
  m_AutoUVMaxDistance: 0.5
  m_AutoUVMaxAngle: 89
  m_LightmapParameters: {fileID: 0}
  m_SortingLayerID: 0
  m_SortingLayer: 0
  m_SortingOrder: 0
  serializedVersion: 2
  m_Quality: 0
  m_UpdateWhenOffscreen: 0
  m_SkinnedMotionVectors: 1
  m_Mesh: {fileID: -6696959270184879332, guid: 898fbb2a9843b7f4196b8d0fc5782184, type: 3}
  m_Bones:
  - {fileID: 483880409952066189}
  - {fileID: 8917155824708611565}
  m_BlendShapeWeights: []
  m_RootBone: {fileID: 8917155824708611565}
  m_AABB:
    m_Center: {x: -0.28221416, y: 7.649742, z: 0.116915226}
    m_Extent: {x: 4.5918956, y: 5.1758976, z: 4.5254}
  m_DirtyAABB: 0
--- !u!1 &4029914656328112430
GameObject:
  m_ObjectHideFlags: 0
  m_CorrespondingSourceObject: {fileID: 0}
  m_PrefabInstance: {fileID: 0}
  m_PrefabAsset: {fileID: 0}
  serializedVersion: 6
  m_Component:
  - component: {fileID: 7118333950334237948}
  - component: {fileID: 3075926293817789412}
  m_Layer: 0
  m_Name: pasted__pCube8
  m_TagString: Untagged
  m_Icon: {fileID: 0}
  m_NavMeshLayer: 0
  m_StaticEditorFlags: 0
  m_IsActive: 1
--- !u!4 &7118333950334237948
Transform:
  m_ObjectHideFlags: 0
  m_CorrespondingSourceObject: {fileID: 0}
  m_PrefabInstance: {fileID: 0}
  m_PrefabAsset: {fileID: 0}
  m_GameObject: {fileID: 4029914656328112430}
  m_LocalRotation: {x: 0, y: -0, z: -0, w: 1}
  m_LocalPosition: {x: -0, y: 0, z: 0}
  m_LocalScale: {x: 1, y: 1, z: 1}
  m_Children: []
  m_Father: {fileID: 7687697095934786682}
  m_RootOrder: 2
  m_LocalEulerAnglesHint: {x: 0, y: 0, z: 0}
--- !u!137 &3075926293817789412
SkinnedMeshRenderer:
  m_ObjectHideFlags: 0
  m_CorrespondingSourceObject: {fileID: 0}
  m_PrefabInstance: {fileID: 0}
  m_PrefabAsset: {fileID: 0}
  m_GameObject: {fileID: 4029914656328112430}
  m_Enabled: 1
  m_CastShadows: 1
  m_ReceiveShadows: 1
  m_DynamicOccludee: 1
  m_MotionVectors: 1
  m_LightProbeUsage: 1
  m_ReflectionProbeUsage: 1
  m_RayTracingMode: 0
  m_RenderingLayerMask: 1
  m_RendererPriority: 0
  m_Materials:
  - {fileID: 2100000, guid: 1e01f36796b4e074faf3eb104dcd8910, type: 2}
  m_StaticBatchInfo:
    firstSubMesh: 0
    subMeshCount: 0
  m_StaticBatchRoot: {fileID: 0}
  m_ProbeAnchor: {fileID: 0}
  m_LightProbeVolumeOverride: {fileID: 0}
  m_ScaleInLightmap: 1
  m_ReceiveGI: 1
  m_PreserveUVs: 0
  m_IgnoreNormalsForChartDetection: 0
  m_ImportantGI: 0
  m_StitchLightmapSeams: 1
  m_SelectedEditorRenderState: 3
  m_MinimumChartSize: 4
  m_AutoUVMaxDistance: 0.5
  m_AutoUVMaxAngle: 89
  m_LightmapParameters: {fileID: 0}
  m_SortingLayerID: 0
  m_SortingLayer: 0
  m_SortingOrder: 0
  serializedVersion: 2
  m_Quality: 0
  m_UpdateWhenOffscreen: 0
  m_SkinnedMotionVectors: 1
  m_Mesh: {fileID: -2426722916996787727, guid: 898fbb2a9843b7f4196b8d0fc5782184, type: 3}
  m_Bones:
  - {fileID: 2741349595749749725}
  - {fileID: 498653541619769212}
  - {fileID: 5983794952291362517}
  - {fileID: 4879698301310826397}
  m_BlendShapeWeights: []
  m_RootBone: {fileID: 4879698301310826397}
  m_AABB:
    m_Center: {x: -0.5944855, y: 8.57391, z: -5.434324}
    m_Extent: {x: 3.3281176, y: 4.276109, z: 4.117041}
  m_DirtyAABB: 0
--- !u!1 &4368306728102498921
GameObject:
  m_ObjectHideFlags: 0
  m_CorrespondingSourceObject: {fileID: 0}
  m_PrefabInstance: {fileID: 0}
  m_PrefabAsset: {fileID: 0}
  serializedVersion: 6
  m_Component:
  - component: {fileID: 7516537266683331884}
  m_Layer: 0
  m_Name: mixamorig:LeftHandThumb4
  m_TagString: Untagged
  m_Icon: {fileID: 0}
  m_NavMeshLayer: 0
  m_StaticEditorFlags: 0
  m_IsActive: 1
--- !u!4 &7516537266683331884
Transform:
  m_ObjectHideFlags: 0
  m_CorrespondingSourceObject: {fileID: 0}
  m_PrefabInstance: {fileID: 0}
  m_PrefabAsset: {fileID: 0}
  m_GameObject: {fileID: 4368306728102498921}
  m_LocalRotation: {x: 0, y: -0, z: -0, w: 1}
  m_LocalPosition: {x: -0.1002157, y: 0.5740283, z: 0}
  m_LocalScale: {x: 1, y: 1, z: 1}
  m_Children: []
  m_Father: {fileID: 5037444352123042342}
  m_RootOrder: 0
  m_LocalEulerAnglesHint: {x: 0, y: 0, z: 0}
--- !u!1 &4470359468524509864
GameObject:
  m_ObjectHideFlags: 0
  m_CorrespondingSourceObject: {fileID: 0}
  m_PrefabInstance: {fileID: 0}
  m_PrefabAsset: {fileID: 0}
  serializedVersion: 6
  m_Component:
  - component: {fileID: 7875385254952640252}
  m_Layer: 0
  m_Name: mixamorig:Hips
  m_TagString: Untagged
  m_Icon: {fileID: 0}
  m_NavMeshLayer: 0
  m_StaticEditorFlags: 0
  m_IsActive: 1
--- !u!4 &7875385254952640252
Transform:
  m_ObjectHideFlags: 0
  m_CorrespondingSourceObject: {fileID: 0}
  m_PrefabInstance: {fileID: 0}
  m_PrefabAsset: {fileID: 0}
  m_GameObject: {fileID: 4470359468524509864}
  m_LocalRotation: {x: -0.0076644677, y: -0.024041655, z: 0.0030462744, w: 0.99967694}
  m_LocalPosition: {x: -0.5985539, y: 12.914732, z: 10.990959}
  m_LocalScale: {x: 1, y: 1, z: 1}
  m_Children:
  - {fileID: 1191877692073689621}
  - {fileID: 4879698301310826397}
  - {fileID: 7881876544626121562}
  m_Father: {fileID: 7687697095934786682}
  m_RootOrder: 0
  m_LocalEulerAnglesHint: {x: -0.5822259, y: 34.27701, z: 7.1148458}
--- !u!1 &4594053424412603346
GameObject:
  m_ObjectHideFlags: 0
  m_CorrespondingSourceObject: {fileID: 0}
  m_PrefabInstance: {fileID: 0}
  m_PrefabAsset: {fileID: 0}
  serializedVersion: 6
  m_Component:
  - component: {fileID: 7960492179944575030}
  - component: {fileID: 7856503248912260090}
  m_Layer: 0
  m_Name: pasted__polySurface34
  m_TagString: Untagged
  m_Icon: {fileID: 0}
  m_NavMeshLayer: 0
  m_StaticEditorFlags: 0
  m_IsActive: 1
--- !u!4 &7960492179944575030
Transform:
  m_ObjectHideFlags: 0
  m_CorrespondingSourceObject: {fileID: 0}
  m_PrefabInstance: {fileID: 0}
  m_PrefabAsset: {fileID: 0}
  m_GameObject: {fileID: 4594053424412603346}
  m_LocalRotation: {x: 0, y: -0, z: -0, w: 1}
  m_LocalPosition: {x: -0, y: 0, z: 0}
  m_LocalScale: {x: 1, y: 1, z: 1}
  m_Children: []
  m_Father: {fileID: 7687697095934786682}
  m_RootOrder: 5
  m_LocalEulerAnglesHint: {x: 0, y: 0, z: 0}
--- !u!137 &7856503248912260090
SkinnedMeshRenderer:
  m_ObjectHideFlags: 0
  m_CorrespondingSourceObject: {fileID: 0}
  m_PrefabInstance: {fileID: 0}
  m_PrefabAsset: {fileID: 0}
  m_GameObject: {fileID: 4594053424412603346}
  m_Enabled: 1
  m_CastShadows: 1
  m_ReceiveShadows: 1
  m_DynamicOccludee: 1
  m_MotionVectors: 1
  m_LightProbeUsage: 1
  m_ReflectionProbeUsage: 1
  m_RayTracingMode: 0
  m_RenderingLayerMask: 1
  m_RendererPriority: 0
  m_Materials:
  - {fileID: 2100000, guid: 050b81be872214a40ad21ac136c1d0c6, type: 2}
  - {fileID: 2100000, guid: 050b81be872214a40ad21ac136c1d0c6, type: 2}
  - {fileID: 2100000, guid: 050b81be872214a40ad21ac136c1d0c6, type: 2}
  m_StaticBatchInfo:
    firstSubMesh: 0
    subMeshCount: 0
  m_StaticBatchRoot: {fileID: 0}
  m_ProbeAnchor: {fileID: 0}
  m_LightProbeVolumeOverride: {fileID: 0}
  m_ScaleInLightmap: 1
  m_ReceiveGI: 1
  m_PreserveUVs: 0
  m_IgnoreNormalsForChartDetection: 0
  m_ImportantGI: 0
  m_StitchLightmapSeams: 1
  m_SelectedEditorRenderState: 3
  m_MinimumChartSize: 4
  m_AutoUVMaxDistance: 0.5
  m_AutoUVMaxAngle: 89
  m_LightmapParameters: {fileID: 0}
  m_SortingLayerID: 0
  m_SortingLayer: 0
  m_SortingOrder: 0
  serializedVersion: 2
  m_Quality: 0
  m_UpdateWhenOffscreen: 0
  m_SkinnedMotionVectors: 1
  m_Mesh: {fileID: 2153614578383880087, guid: 898fbb2a9843b7f4196b8d0fc5782184, type: 3}
  m_Bones:
  - {fileID: 7875385254952640252}
  - {fileID: 1191877692073689621}
  - {fileID: 4879698301310826397}
  - {fileID: 2741349595749749725}
  - {fileID: 498653541619769212}
  - {fileID: 5983794952291362517}
  m_BlendShapeWeights: []
  m_RootBone: {fileID: 7875385254952640252}
  m_AABB:
    m_Center: {x: 2.1986022, y: -6.500805, z: 1.6849344}
    m_Extent: {x: 3.728755, y: 4.6618834, z: 5.0661116}
  m_DirtyAABB: 0
--- !u!1 &4730839008020250600
GameObject:
  m_ObjectHideFlags: 0
  m_CorrespondingSourceObject: {fileID: 0}
  m_PrefabInstance: {fileID: 0}
  m_PrefabAsset: {fileID: 0}
  serializedVersion: 6
  m_Component:
  - component: {fileID: 7244211654122689544}
  m_Layer: 0
  m_Name: mixamorig:HeadTop_End
  m_TagString: Untagged
  m_Icon: {fileID: 0}
  m_NavMeshLayer: 0
  m_StaticEditorFlags: 0
  m_IsActive: 1
--- !u!4 &7244211654122689544
Transform:
  m_ObjectHideFlags: 0
  m_CorrespondingSourceObject: {fileID: 0}
  m_PrefabInstance: {fileID: 0}
  m_PrefabAsset: {fileID: 0}
  m_GameObject: {fileID: 4730839008020250600}
  m_LocalRotation: {x: 0, y: -0, z: -0, w: 1}
  m_LocalPosition: {x: -0, y: 10.37866, z: 0.6441171}
  m_LocalScale: {x: 1, y: 1, z: 1}
  m_Children: []
  m_Father: {fileID: 483880409952066189}
  m_RootOrder: 0
  m_LocalEulerAnglesHint: {x: 0, y: 0, z: 0}
--- !u!1 &5221905572193153315
GameObject:
  m_ObjectHideFlags: 0
  m_CorrespondingSourceObject: {fileID: 0}
  m_PrefabInstance: {fileID: 0}
  m_PrefabAsset: {fileID: 0}
  serializedVersion: 6
  m_Component:
  - component: {fileID: 5983794952291362517}
  m_Layer: 0
  m_Name: mixamorig:RightToeBase
  m_TagString: Untagged
  m_Icon: {fileID: 0}
  m_NavMeshLayer: 0
  m_StaticEditorFlags: 0
  m_IsActive: 1
--- !u!4 &5983794952291362517
Transform:
  m_ObjectHideFlags: 0
  m_CorrespondingSourceObject: {fileID: 0}
  m_PrefabInstance: {fileID: 0}
  m_PrefabAsset: {fileID: 0}
  m_GameObject: {fileID: 5221905572193153315}
  m_LocalRotation: {x: 0.5008038, y: -0.15975976, z: 0.012996615, w: 0.8505901}
  m_LocalPosition: {x: 2.220446e-16, y: 4.8227463, z: 0}
  m_LocalScale: {x: 1, y: 1, z: 1}
  m_Children:
  - {fileID: 5081947139085328000}
  m_Father: {fileID: 498653541619769212}
  m_RootOrder: 0
  m_LocalEulerAnglesHint: {x: 31.42493, y: -57.450005, z: -6.2826743}
--- !u!1 &5465183471697823734
GameObject:
  m_ObjectHideFlags: 0
  m_CorrespondingSourceObject: {fileID: 0}
  m_PrefabInstance: {fileID: 0}
  m_PrefabAsset: {fileID: 0}
  serializedVersion: 6
  m_Component:
  - component: {fileID: 8081559277515690447}
  - component: {fileID: 6105233470914210936}
  m_Layer: 0
  m_Name: pasted__polySurface16
  m_TagString: Untagged
  m_Icon: {fileID: 0}
  m_NavMeshLayer: 0
  m_StaticEditorFlags: 0
  m_IsActive: 1
--- !u!4 &8081559277515690447
Transform:
  m_ObjectHideFlags: 0
  m_CorrespondingSourceObject: {fileID: 0}
  m_PrefabInstance: {fileID: 0}
  m_PrefabAsset: {fileID: 0}
  m_GameObject: {fileID: 5465183471697823734}
  m_LocalRotation: {x: 0, y: -0, z: -0, w: 1}
  m_LocalPosition: {x: -0, y: 0, z: 0}
  m_LocalScale: {x: 1, y: 1, z: 1}
  m_Children: []
  m_Father: {fileID: 7687697095934786682}
  m_RootOrder: 4
  m_LocalEulerAnglesHint: {x: 0, y: 0, z: 0}
--- !u!137 &6105233470914210936
SkinnedMeshRenderer:
  m_ObjectHideFlags: 0
  m_CorrespondingSourceObject: {fileID: 0}
  m_PrefabInstance: {fileID: 0}
  m_PrefabAsset: {fileID: 0}
  m_GameObject: {fileID: 5465183471697823734}
  m_Enabled: 1
  m_CastShadows: 1
  m_ReceiveShadows: 1
  m_DynamicOccludee: 1
  m_MotionVectors: 1
  m_LightProbeUsage: 1
  m_ReflectionProbeUsage: 1
  m_RayTracingMode: 0
  m_RenderingLayerMask: 1
  m_RendererPriority: 0
  m_Materials:
  - {fileID: 2100000, guid: 050b81be872214a40ad21ac136c1d0c6, type: 2}
  - {fileID: 2100000, guid: 050b81be872214a40ad21ac136c1d0c6, type: 2}
  - {fileID: 2100000, guid: 050b81be872214a40ad21ac136c1d0c6, type: 2}
  m_StaticBatchInfo:
    firstSubMesh: 0
    subMeshCount: 0
  m_StaticBatchRoot: {fileID: 0}
  m_ProbeAnchor: {fileID: 0}
  m_LightProbeVolumeOverride: {fileID: 0}
  m_ScaleInLightmap: 1
  m_ReceiveGI: 1
  m_PreserveUVs: 0
  m_IgnoreNormalsForChartDetection: 0
  m_ImportantGI: 0
  m_StitchLightmapSeams: 1
  m_SelectedEditorRenderState: 3
  m_MinimumChartSize: 4
  m_AutoUVMaxDistance: 0.5
  m_AutoUVMaxAngle: 89
  m_LightmapParameters: {fileID: 0}
  m_SortingLayerID: 0
  m_SortingLayer: 0
  m_SortingOrder: 0
  serializedVersion: 2
  m_Quality: 0
  m_UpdateWhenOffscreen: 0
  m_SkinnedMotionVectors: 1
  m_Mesh: {fileID: 7219487871355244786, guid: 898fbb2a9843b7f4196b8d0fc5782184, type: 3}
  m_Bones:
  - {fileID: 1191877692073689621}
  - {fileID: 8509430779869919893}
  - {fileID: 4137483621587912194}
  - {fileID: 7875385254952640252}
  - {fileID: 4879698301310826397}
  - {fileID: 4132648934283708729}
  m_BlendShapeWeights: []
  m_RootBone: {fileID: 7875385254952640252}
  m_AABB:
    m_Center: {x: -1.4509343, y: -7.821958, z: 0.30534315}
    m_Extent: {x: 2.78399, y: 4.668594, z: 4.4717336}
  m_DirtyAABB: 0
--- !u!1 &5626905911970624991
GameObject:
  m_ObjectHideFlags: 0
  m_CorrespondingSourceObject: {fileID: 0}
  m_PrefabInstance: {fileID: 0}
  m_PrefabAsset: {fileID: 0}
  serializedVersion: 6
  m_Component:
  - component: {fileID: 7262927568234959255}
  m_Layer: 0
  m_Name: mixamorig:RightHandThumb3
  m_TagString: Untagged
  m_Icon: {fileID: 0}
  m_NavMeshLayer: 0
  m_StaticEditorFlags: 0
  m_IsActive: 1
--- !u!4 &7262927568234959255
Transform:
  m_ObjectHideFlags: 0
  m_CorrespondingSourceObject: {fileID: 0}
  m_PrefabInstance: {fileID: 0}
  m_PrefabAsset: {fileID: 0}
  m_GameObject: {fileID: 5626905911970624991}
  m_LocalRotation: {x: -0.16683182, y: -0.07975475, z: 0.21074493, w: 0.95989215}
  m_LocalPosition: {x: -0.10955877, y: 0.75296384, z: 0}
  m_LocalScale: {x: 1, y: 1, z: 1}
  m_Children:
  - {fileID: 5400111186391380089}
  m_Father: {fileID: 2403389725397637462}
  m_RootOrder: 0
  m_LocalEulerAnglesHint: {x: -3.2481465, y: -1.363294, z: 30.007113}
--- !u!1 &5659537953923170559
GameObject:
  m_ObjectHideFlags: 0
  m_CorrespondingSourceObject: {fileID: 0}
  m_PrefabInstance: {fileID: 0}
  m_PrefabAsset: {fileID: 0}
  serializedVersion: 6
  m_Component:
  - component: {fileID: 4137483621587912194}
  m_Layer: 0
  m_Name: mixamorig:LeftFoot
  m_TagString: Untagged
  m_Icon: {fileID: 0}
  m_NavMeshLayer: 0
  m_StaticEditorFlags: 0
  m_IsActive: 1
--- !u!4 &4137483621587912194
Transform:
  m_ObjectHideFlags: 0
  m_CorrespondingSourceObject: {fileID: 0}
  m_PrefabInstance: {fileID: 0}
  m_PrefabAsset: {fileID: 0}
  m_GameObject: {fileID: 5659537953923170559}
  m_LocalRotation: {x: 0.57672834, y: 0.09556477, z: -0.15827452, w: 0.7957393}
  m_LocalPosition: {x: 2.220446e-16, y: 4.6691546, z: 0}
  m_LocalScale: {x: 1, y: 1, z: 1}
  m_Children:
  - {fileID: 4132648934283708729}
  m_Father: {fileID: 8509430779869919893}
  m_RootOrder: 0
  m_LocalEulerAnglesHint: {x: 65.687325, y: -0.34903508, z: -13.090048}
--- !u!1 &6240653324466841084
GameObject:
  m_ObjectHideFlags: 0
  m_CorrespondingSourceObject: {fileID: 0}
  m_PrefabInstance: {fileID: 0}
  m_PrefabAsset: {fileID: 0}
  serializedVersion: 6
  m_Component:
  - component: {fileID: 2741349595749749725}
  m_Layer: 0
  m_Name: mixamorig:RightLeg
  m_TagString: Untagged
  m_Icon: {fileID: 0}
  m_NavMeshLayer: 0
  m_StaticEditorFlags: 0
  m_IsActive: 1
--- !u!4 &2741349595749749725
Transform:
  m_ObjectHideFlags: 0
  m_CorrespondingSourceObject: {fileID: 0}
  m_PrefabInstance: {fileID: 0}
  m_PrefabAsset: {fileID: 0}
  m_GameObject: {fileID: 6240653324466841084}
  m_LocalRotation: {x: -0.5958043, y: 0.0023449643, z: -0.019400246, w: 0.8028919}
  m_LocalPosition: {x: 1.110223e-16, y: 5.1618705, z: 0}
  m_LocalScale: {x: 1, y: 1, z: 1}
  m_Children:
  - {fileID: 498653541619769212}
  m_Father: {fileID: 4879698301310826397}
  m_RootOrder: 0
  m_LocalEulerAnglesHint: {x: -76.6245, y: -99.97367, z: 105.21972}
--- !u!1 &6255239826712867085
GameObject:
  m_ObjectHideFlags: 0
  m_CorrespondingSourceObject: {fileID: 0}
  m_PrefabInstance: {fileID: 0}
  m_PrefabAsset: {fileID: 0}
  serializedVersion: 6
  m_Component:
  - component: {fileID: 710313981389553785}
  m_Layer: 0
  m_Name: mixamorig:LeftHandThumb2
  m_TagString: Untagged
  m_Icon: {fileID: 0}
  m_NavMeshLayer: 0
  m_StaticEditorFlags: 0
  m_IsActive: 1
--- !u!4 &710313981389553785
Transform:
  m_ObjectHideFlags: 0
  m_CorrespondingSourceObject: {fileID: 0}
  m_PrefabInstance: {fileID: 0}
  m_PrefabAsset: {fileID: 0}
  m_GameObject: {fileID: 6255239826712867085}
  m_LocalRotation: {x: -0.025553675, y: -0.0035413618, z: 0.15035734, w: 0.9882951}
  m_LocalPosition: {x: 0.02839545, y: 0.8049897, z: 0}
  m_LocalScale: {x: 1, y: 1, z: 1}
  m_Children:
  - {fileID: 5037444352123042342}
  m_Father: {fileID: 4588970661486339261}
  m_RootOrder: 0
  m_LocalEulerAnglesHint: {x: 1.0569135, y: -0.20498282, z: 9.703562}
--- !u!1 &6569594357295043211
GameObject:
  m_ObjectHideFlags: 0
  m_CorrespondingSourceObject: {fileID: 0}
  m_PrefabInstance: {fileID: 0}
  m_PrefabAsset: {fileID: 0}
  serializedVersion: 6
  m_Component:
  - component: {fileID: 1786261825863089038}
  - component: {fileID: 784484297513085707}
  m_Layer: 0
  m_Name: pasted__pPlane18
  m_TagString: Untagged
  m_Icon: {fileID: 0}
  m_NavMeshLayer: 0
  m_StaticEditorFlags: 0
  m_IsActive: 1
--- !u!4 &1786261825863089038
Transform:
  m_ObjectHideFlags: 0
  m_CorrespondingSourceObject: {fileID: 0}
  m_PrefabInstance: {fileID: 0}
  m_PrefabAsset: {fileID: 0}
  m_GameObject: {fileID: 6569594357295043211}
  m_LocalRotation: {x: 0, y: -0, z: -0, w: 1}
  m_LocalPosition: {x: -0, y: 0, z: 0}
  m_LocalScale: {x: 1, y: 1, z: 1}
  m_Children: []
  m_Father: {fileID: 7687697095934786682}
  m_RootOrder: 6
  m_LocalEulerAnglesHint: {x: 0, y: 0, z: 0}
--- !u!137 &784484297513085707
SkinnedMeshRenderer:
  m_ObjectHideFlags: 0
  m_CorrespondingSourceObject: {fileID: 0}
  m_PrefabInstance: {fileID: 0}
  m_PrefabAsset: {fileID: 0}
  m_GameObject: {fileID: 6569594357295043211}
  m_Enabled: 1
  m_CastShadows: 1
  m_ReceiveShadows: 1
  m_DynamicOccludee: 1
  m_MotionVectors: 1
  m_LightProbeUsage: 1
  m_ReflectionProbeUsage: 1
  m_RayTracingMode: 0
  m_RenderingLayerMask: 1
  m_RendererPriority: 0
  m_Materials:
  - {fileID: 2100000, guid: d99e99d383db0fc49ae9df29a7116d4e, type: 2}
  m_StaticBatchInfo:
    firstSubMesh: 0
    subMeshCount: 0
  m_StaticBatchRoot: {fileID: 0}
  m_ProbeAnchor: {fileID: 0}
  m_LightProbeVolumeOverride: {fileID: 0}
  m_ScaleInLightmap: 1
  m_ReceiveGI: 1
  m_PreserveUVs: 0
  m_IgnoreNormalsForChartDetection: 0
  m_ImportantGI: 0
  m_StitchLightmapSeams: 1
  m_SelectedEditorRenderState: 3
  m_MinimumChartSize: 4
  m_AutoUVMaxDistance: 0.5
  m_AutoUVMaxAngle: 89
  m_LightmapParameters: {fileID: 0}
  m_SortingLayerID: 0
  m_SortingLayer: 0
  m_SortingOrder: 0
  serializedVersion: 2
  m_Quality: 0
  m_UpdateWhenOffscreen: 0
  m_SkinnedMotionVectors: 1
  m_Mesh: {fileID: -5440203346885127257, guid: 898fbb2a9843b7f4196b8d0fc5782184, type: 3}
  m_Bones:
  - {fileID: 8917155824708611565}
  - {fileID: 483880409952066189}
  - {fileID: 8510989661361215757}
  - {fileID: 4377165808605095327}
  - {fileID: 3522984254061107578}
  - {fileID: 6431508220999852840}
  - {fileID: 8490769559900459293}
  m_BlendShapeWeights: []
  m_RootBone: {fileID: 6431508220999852840}
  m_AABB:
    m_Center: {x: -0.33948565, y: 9.391976, z: 1.3130366}
    m_Extent: {x: 5.9463086, y: 6.2530174, z: 5.1367154}
  m_DirtyAABB: 0
--- !u!1 &6587445093136763649
GameObject:
  m_ObjectHideFlags: 0
  m_CorrespondingSourceObject: {fileID: 0}
  m_PrefabInstance: {fileID: 0}
  m_PrefabAsset: {fileID: 0}
  serializedVersion: 6
  m_Component:
  - component: {fileID: 5292792286458465413}
  m_Layer: 0
  m_Name: mixamorig:RightForeArm
  m_TagString: Untagged
  m_Icon: {fileID: 0}
  m_NavMeshLayer: 0
  m_StaticEditorFlags: 0
  m_IsActive: 1
--- !u!4 &5292792286458465413
Transform:
  m_ObjectHideFlags: 0
  m_CorrespondingSourceObject: {fileID: 0}
  m_PrefabInstance: {fileID: 0}
  m_PrefabAsset: {fileID: 0}
  m_GameObject: {fileID: 6587445093136763649}
  m_LocalRotation: {x: 0.0069791814, y: -0.015828833, z: 0.08478558, w: 0.9962491}
  m_LocalPosition: {x: -0, y: 2.4395857, z: -4.440892e-16}
  m_LocalScale: {x: 1, y: 1, z: 1}
  m_Children:
  - {fileID: 8972783923589315353}
  m_Father: {fileID: 8490769559900459293}
  m_RootOrder: 0
  m_LocalEulerAnglesHint: {x: 2.8671985, y: 3.8358662, z: 106.15124}
--- !u!1 &6688620431247768076
GameObject:
  m_ObjectHideFlags: 0
  m_CorrespondingSourceObject: {fileID: 0}
  m_PrefabInstance: {fileID: 0}
  m_PrefabAsset: {fileID: 0}
  serializedVersion: 6
  m_Component:
  - component: {fileID: 5129675410986973539}
  m_Layer: 0
  m_Name: mixamorig:RightHandIndex3
  m_TagString: Untagged
  m_Icon: {fileID: 0}
  m_NavMeshLayer: 0
  m_StaticEditorFlags: 0
  m_IsActive: 1
--- !u!4 &5129675410986973539
Transform:
  m_ObjectHideFlags: 0
  m_CorrespondingSourceObject: {fileID: 0}
  m_PrefabInstance: {fileID: 0}
  m_PrefabAsset: {fileID: 0}
  m_GameObject: {fileID: 6688620431247768076}
  m_LocalRotation: {x: 0.09147453, y: -0.00003550298, z: -0.00972079, w: 0.99575996}
  m_LocalPosition: {x: 0.0006447429, y: 0.76209104, z: 0}
  m_LocalScale: {x: 1, y: 1, z: 1}
  m_Children:
  - {fileID: 5670298148712022134}
  m_Father: {fileID: 3004538287280493255}
  m_RootOrder: 0
  m_LocalEulerAnglesHint: {x: 2.4099503, y: -0.038057934, z: -0.6092953}
--- !u!1 &6695575150297370217
GameObject:
  m_ObjectHideFlags: 0
  m_CorrespondingSourceObject: {fileID: 0}
  m_PrefabInstance: {fileID: 0}
  m_PrefabAsset: {fileID: 0}
  serializedVersion: 6
  m_Component:
  - component: {fileID: 7687697095934786682}
  - component: {fileID: 304604331798827264}
  m_Layer: 0
  m_Name: basket
  m_TagString: Untagged
  m_Icon: {fileID: 0}
  m_NavMeshLayer: 0
  m_StaticEditorFlags: 0
  m_IsActive: 1
--- !u!4 &7687697095934786682
Transform:
  m_ObjectHideFlags: 0
  m_CorrespondingSourceObject: {fileID: 0}
  m_PrefabInstance: {fileID: 0}
  m_PrefabAsset: {fileID: 0}
  m_GameObject: {fileID: 6695575150297370217}
  m_LocalRotation: {x: 0, y: 0, z: 0, w: 1}
  m_LocalPosition: {x: 0, y: 0, z: 0}
  m_LocalScale: {x: 0.3, y: 0.3, z: 0.3}
  m_Children:
  - {fileID: 7875385254952640252}
  - {fileID: 4637137673135871839}
  - {fileID: 7118333950334237948}
  - {fileID: 4870270570880820489}
  - {fileID: 8081559277515690447}
  - {fileID: 7960492179944575030}
  - {fileID: 1786261825863089038}
  - {fileID: 7521027774814712729}
  - {fileID: 4589520543376301880}
  - {fileID: 2343420930533591460}
  - {fileID: 8276979019296131654}
  m_Father: {fileID: 0}
  m_RootOrder: 0
  m_LocalEulerAnglesHint: {x: 0, y: 0, z: 0}
--- !u!95 &304604331798827264
Animator:
  serializedVersion: 3
  m_ObjectHideFlags: 0
  m_CorrespondingSourceObject: {fileID: 0}
  m_PrefabInstance: {fileID: 0}
  m_PrefabAsset: {fileID: 0}
  m_GameObject: {fileID: 6695575150297370217}
  m_Enabled: 1
  m_Avatar: {fileID: 9000000, guid: 898fbb2a9843b7f4196b8d0fc5782184, type: 3}
  m_Controller: {fileID: 9100000, guid: bbb89286ebcc1eb44b683d7320140925, type: 2}
  m_CullingMode: 1
  m_UpdateMode: 0
  m_ApplyRootMotion: 1
  m_LinearVelocityBlending: 0
  m_WarningMessage: 
  m_HasTransformHierarchy: 1
  m_AllowConstantClipSamplingOptimization: 1
  m_KeepAnimatorControllerStateOnDisable: 0
--- !u!1 &6763159004391322416
GameObject:
  m_ObjectHideFlags: 0
  m_CorrespondingSourceObject: {fileID: 0}
  m_PrefabInstance: {fileID: 0}
  m_PrefabAsset: {fileID: 0}
  serializedVersion: 6
  m_Component:
  - component: {fileID: 498653541619769212}
  m_Layer: 0
  m_Name: mixamorig:RightFoot
  m_TagString: Untagged
  m_Icon: {fileID: 0}
  m_NavMeshLayer: 0
  m_StaticEditorFlags: 0
  m_IsActive: 1
--- !u!4 &498653541619769212
Transform:
  m_ObjectHideFlags: 0
  m_CorrespondingSourceObject: {fileID: 0}
  m_PrefabInstance: {fileID: 0}
  m_PrefabAsset: {fileID: 0}
  m_GameObject: {fileID: 6763159004391322416}
  m_LocalRotation: {x: 0.5465627, y: -0.12285527, z: 0.115195826, w: 0.8203083}
  m_LocalPosition: {x: -0, y: 4.6689024, z: 0}
  m_LocalScale: {x: 1, y: 1, z: 1}
  m_Children:
  - {fileID: 5983794952291362517}
  m_Father: {fileID: 2741349595749749725}
  m_RootOrder: 0
  m_LocalEulerAnglesHint: {x: 85.22463, y: -168.54228, z: -151.96548}
--- !u!1 &6895455229192433392
GameObject:
  m_ObjectHideFlags: 0
  m_CorrespondingSourceObject: {fileID: 0}
  m_PrefabInstance: {fileID: 0}
  m_PrefabAsset: {fileID: 0}
  serializedVersion: 6
  m_Component:
  - component: {fileID: 7656732420489302313}
  m_Layer: 0
  m_Name: mixamorig:LeftHandRing3
  m_TagString: Untagged
  m_Icon: {fileID: 0}
  m_NavMeshLayer: 0
  m_StaticEditorFlags: 0
  m_IsActive: 1
--- !u!4 &7656732420489302313
Transform:
  m_ObjectHideFlags: 0
  m_CorrespondingSourceObject: {fileID: 0}
  m_PrefabInstance: {fileID: 0}
  m_PrefabAsset: {fileID: 0}
  m_GameObject: {fileID: 6895455229192433392}
  m_LocalRotation: {x: 0.18474197, y: 0.006391484, z: -0.06276241, w: 0.98076016}
  m_LocalPosition: {x: 0.037767466, y: 0.81550145, z: 8.881784e-16}
  m_LocalScale: {x: 1, y: 1, z: 1}
  m_Children:
  - {fileID: 4181215313185387349}
  m_Father: {fileID: 4806801159196368959}
  m_RootOrder: 0
  m_LocalEulerAnglesHint: {x: 4.5165343, y: -0.48278838, z: -9.067494}
--- !u!1 &7283650230891809778
GameObject:
  m_ObjectHideFlags: 0
  m_CorrespondingSourceObject: {fileID: 0}
  m_PrefabInstance: {fileID: 0}
  m_PrefabAsset: {fileID: 0}
  serializedVersion: 6
  m_Component:
  - component: {fileID: 5670298148712022134}
  m_Layer: 0
  m_Name: mixamorig:RightHandIndex4
  m_TagString: Untagged
  m_Icon: {fileID: 0}
  m_NavMeshLayer: 0
  m_StaticEditorFlags: 0
  m_IsActive: 1
--- !u!4 &5670298148712022134
Transform:
  m_ObjectHideFlags: 0
  m_CorrespondingSourceObject: {fileID: 0}
  m_PrefabInstance: {fileID: 0}
  m_PrefabAsset: {fileID: 0}
  m_GameObject: {fileID: 7283650230891809778}
  m_LocalRotation: {x: 0, y: -0, z: -0, w: 1}
  m_LocalPosition: {x: -0.000392815, y: 0.5950748, z: 2.220446e-16}
  m_LocalScale: {x: 1, y: 1, z: 1}
  m_Children: []
  m_Father: {fileID: 5129675410986973539}
  m_RootOrder: 0
  m_LocalEulerAnglesHint: {x: 0, y: 0, z: 0}
--- !u!1 &7373293725508118618
GameObject:
  m_ObjectHideFlags: 0
  m_CorrespondingSourceObject: {fileID: 0}
  m_PrefabInstance: {fileID: 0}
  m_PrefabAsset: {fileID: 0}
  serializedVersion: 6
  m_Component:
  - component: {fileID: 4588970661486339261}
  m_Layer: 0
  m_Name: mixamorig:LeftHandThumb1
  m_TagString: Untagged
  m_Icon: {fileID: 0}
  m_NavMeshLayer: 0
  m_StaticEditorFlags: 0
  m_IsActive: 1
--- !u!4 &4588970661486339261
Transform:
  m_ObjectHideFlags: 0
  m_CorrespondingSourceObject: {fileID: 0}
  m_PrefabInstance: {fileID: 0}
  m_PrefabAsset: {fileID: 0}
  m_GameObject: {fileID: 7373293725508118618}
  m_LocalRotation: {x: 0.12536168, y: -0.1560334, z: -0.3765622, w: 0.9045104}
  m_LocalPosition: {x: 0.7311172, y: 0.69055575, z: 0.048695542}
  m_LocalScale: {x: 1, y: 1, z: 1}
  m_Children:
  - {fileID: 710313981389553785}
  m_Father: {fileID: 1946355771754326210}
  m_RootOrder: 2
  m_LocalEulerAnglesHint: {x: 19.251965, y: -20.163275, z: -43.652977}
--- !u!1 &7946230464377331675
GameObject:
  m_ObjectHideFlags: 0
  m_CorrespondingSourceObject: {fileID: 0}
  m_PrefabInstance: {fileID: 0}
  m_PrefabAsset: {fileID: 0}
  serializedVersion: 6
  m_Component:
  - component: {fileID: 5037444352123042342}
  m_Layer: 0
  m_Name: mixamorig:LeftHandThumb3
  m_TagString: Untagged
  m_Icon: {fileID: 0}
  m_NavMeshLayer: 0
  m_StaticEditorFlags: 0
  m_IsActive: 1
--- !u!4 &5037444352123042342
Transform:
  m_ObjectHideFlags: 0
  m_CorrespondingSourceObject: {fileID: 0}
  m_PrefabInstance: {fileID: 0}
  m_PrefabAsset: {fileID: 0}
  m_GameObject: {fileID: 7946230464377331675}
  m_LocalRotation: {x: -0.15276751, y: -0.11516962, z: -0.16293925, w: 0.9679096}
  m_LocalPosition: {x: 0.07182026, y: 0.74014896, z: 0}
  m_LocalScale: {x: 1, y: 1, z: 1}
  m_Children:
  - {fileID: 7516537266683331884}
  m_Father: {fileID: 710313981389553785}
  m_RootOrder: 0
  m_LocalEulerAnglesHint: {x: -2.5399325, y: 0.42976725, z: -9.457707}
--- !u!1 &8026628205846008863
GameObject:
  m_ObjectHideFlags: 0
  m_CorrespondingSourceObject: {fileID: 0}
  m_PrefabInstance: {fileID: 0}
  m_PrefabAsset: {fileID: 0}
  serializedVersion: 6
  m_Component:
  - component: {fileID: 79545744768424154}
  m_Layer: 0
  m_Name: mixamorig:RightHandThumb1
  m_TagString: Untagged
  m_Icon: {fileID: 0}
  m_NavMeshLayer: 0
  m_StaticEditorFlags: 0
  m_IsActive: 1
--- !u!4 &79545744768424154
Transform:
  m_ObjectHideFlags: 0
  m_CorrespondingSourceObject: {fileID: 0}
  m_PrefabInstance: {fileID: 0}
  m_PrefabAsset: {fileID: 0}
  m_GameObject: {fileID: 8026628205846008863}
  m_LocalRotation: {x: 0.19041923, y: 0.21548231, z: 0.36858776, w: 0.8839972}
  m_LocalPosition: {x: -0.7208693, y: 0.70846015, z: 0.070997626}
  m_LocalScale: {x: 1, y: 1, z: 1}
  m_Children:
  - {fileID: 2403389725397637462}
  m_Father: {fileID: 8972783923589315353}
  m_RootOrder: 2
  m_LocalEulerAnglesHint: {x: 17.136581, y: 19.249342, z: 54.260868}
--- !u!1 &8053758709989595222
GameObject:
  m_ObjectHideFlags: 0
  m_CorrespondingSourceObject: {fileID: 0}
  m_PrefabInstance: {fileID: 0}
  m_PrefabAsset: {fileID: 0}
  serializedVersion: 6
  m_Component:
  - component: {fileID: 8510989661361215757}
  m_Layer: 0
  m_Name: mixamorig:Spine2
  m_TagString: Untagged
  m_Icon: {fileID: 0}
  m_NavMeshLayer: 0
  m_StaticEditorFlags: 0
  m_IsActive: 1
--- !u!4 &8510989661361215757
Transform:
  m_ObjectHideFlags: 0
  m_CorrespondingSourceObject: {fileID: 0}
  m_PrefabInstance: {fileID: 0}
  m_PrefabAsset: {fileID: 0}
  m_GameObject: {fileID: 8053758709989595222}
  m_LocalRotation: {x: 0.017415186, y: 0.022695474, z: -0.0014997893, w: 0.9995896}
  m_LocalPosition: {x: -0, y: 2.079118, z: 2.220446e-16}
  m_LocalScale: {x: 1, y: 1, z: 1}
  m_Children:
  - {fileID: 4377165808605095327}
  - {fileID: 8917155824708611565}
  - {fileID: 3522984254061107578}
  m_Father: {fileID: 6431508220999852840}
  m_RootOrder: 0
  m_LocalEulerAnglesHint: {x: 0.49160188, y: -0.7336406, z: -1.5567181}
--- !u!1 &8091581488715504846
GameObject:
  m_ObjectHideFlags: 0
  m_CorrespondingSourceObject: {fileID: 0}
  m_PrefabInstance: {fileID: 0}
  m_PrefabAsset: {fileID: 0}
  serializedVersion: 6
  m_Component:
  - component: {fileID: 8917155824708611565}
  m_Layer: 0
  m_Name: mixamorig:Neck
  m_TagString: Untagged
  m_Icon: {fileID: 0}
  m_NavMeshLayer: 0
  m_StaticEditorFlags: 0
  m_IsActive: 1
--- !u!4 &8917155824708611565
Transform:
  m_ObjectHideFlags: 0
  m_CorrespondingSourceObject: {fileID: 0}
  m_PrefabInstance: {fileID: 0}
  m_PrefabAsset: {fileID: 0}
  m_GameObject: {fileID: 8091581488715504846}
  m_LocalRotation: {x: 0.043053247, y: -0.021787727, z: 0.01228275, w: 0.9987597}
  m_LocalPosition: {x: -0, y: 2.3390064, z: -0.00000002836006}
  m_LocalScale: {x: 1, y: 1, z: 1}
  m_Children:
  - {fileID: 483880409952066189}
  m_Father: {fileID: 8510989661361215757}
  m_RootOrder: 1
  m_LocalEulerAnglesHint: {x: -1.1166071, y: -0.97075, z: -6.690791}
--- !u!1 &8197422489285167814
GameObject:
  m_ObjectHideFlags: 0
  m_CorrespondingSourceObject: {fileID: 0}
  m_PrefabInstance: {fileID: 0}
  m_PrefabAsset: {fileID: 0}
  serializedVersion: 6
  m_Component:
  - component: {fileID: 8398084704347202673}
  m_Layer: 0
  m_Name: mixamorig:LeftHandIndex3
  m_TagString: Untagged
  m_Icon: {fileID: 0}
  m_NavMeshLayer: 0
  m_StaticEditorFlags: 0
  m_IsActive: 1
--- !u!4 &8398084704347202673
Transform:
  m_ObjectHideFlags: 0
  m_CorrespondingSourceObject: {fileID: 0}
  m_PrefabInstance: {fileID: 0}
  m_PrefabAsset: {fileID: 0}
  m_GameObject: {fileID: 8197422489285167814}
  m_LocalRotation: {x: 0.13074328, y: -0.000028960823, z: 0.013073027, w: 0.9913301}
  m_LocalPosition: {x: 0.000645533, y: 0.77640325, z: 8.881784e-16}
  m_LocalScale: {x: 1, y: 1, z: 1}
  m_Children:
  - {fileID: 1955808304811023633}
  m_Father: {fileID: 3838095655182289310}
  m_RootOrder: 0
  m_LocalEulerAnglesHint: {x: 14.148954, y: 0.16793066, z: 1.4493465}
--- !u!1 &8203999827120921449
GameObject:
  m_ObjectHideFlags: 0
  m_CorrespondingSourceObject: {fileID: 0}
  m_PrefabInstance: {fileID: 0}
  m_PrefabAsset: {fileID: 0}
  serializedVersion: 6
  m_Component:
  - component: {fileID: 1191877692073689621}
  m_Layer: 0
  m_Name: mixamorig:LeftUpLeg
  m_TagString: Untagged
  m_Icon: {fileID: 0}
  m_NavMeshLayer: 0
  m_StaticEditorFlags: 0
  m_IsActive: 1
--- !u!4 &1191877692073689621
Transform:
  m_ObjectHideFlags: 0
  m_CorrespondingSourceObject: {fileID: 0}
  m_PrefabInstance: {fileID: 0}
  m_PrefabAsset: {fileID: 0}
  m_GameObject: {fileID: 8203999827120921449}
  m_LocalRotation: {x: -0.04703988, y: 0.0887735, z: 0.99480253, w: -0.01656502}
  m_LocalPosition: {x: -1.9017615, y: -0.86116743, z: 0.34213257}
  m_LocalScale: {x: 1, y: 1, z: 1}
  m_Children:
  - {fileID: 8509430779869919893}
  m_Father: {fileID: 7875385254952640252}
  m_RootOrder: 0
  m_LocalEulerAnglesHint: {x: -60.10221, y: 22.589035, z: 144.62117}
--- !u!1 &8272789101003036115
GameObject:
  m_ObjectHideFlags: 0
  m_CorrespondingSourceObject: {fileID: 0}
  m_PrefabInstance: {fileID: 0}
  m_PrefabAsset: {fileID: 0}
  serializedVersion: 6
  m_Component:
  - component: {fileID: 4132648934283708729}
  m_Layer: 0
  m_Name: mixamorig:LeftToeBase
  m_TagString: Untagged
  m_Icon: {fileID: 0}
  m_NavMeshLayer: 0
  m_StaticEditorFlags: 0
  m_IsActive: 1
--- !u!4 &4132648934283708729
Transform:
  m_ObjectHideFlags: 0
  m_CorrespondingSourceObject: {fileID: 0}
  m_PrefabInstance: {fileID: 0}
  m_PrefabAsset: {fileID: 0}
  m_GameObject: {fileID: 8272789101003036115}
  m_LocalRotation: {x: 0.30124176, y: 0.090064146, z: -0.017117385, w: 0.9491306}
  m_LocalPosition: {x: -3.330669e-16, y: 4.8279076, z: 0}
  m_LocalScale: {x: 1, y: 1, z: 1}
  m_Children:
  - {fileID: 6243212177074334285}
  m_Father: {fileID: 4137483621587912194}
  m_RootOrder: 0
  m_LocalEulerAnglesHint: {x: 33.310036, y: 48.62819, z: 1.7051353}
--- !u!1 &8350791579829323344
GameObject:
  m_ObjectHideFlags: 0
  m_CorrespondingSourceObject: {fileID: 0}
  m_PrefabInstance: {fileID: 0}
  m_PrefabAsset: {fileID: 0}
  serializedVersion: 6
  m_Component:
  - component: {fileID: 4870270570880820489}
  - component: {fileID: 3099945965195049526}
  m_Layer: 0
  m_Name: pasted__polySurface3
  m_TagString: Untagged
  m_Icon: {fileID: 0}
  m_NavMeshLayer: 0
  m_StaticEditorFlags: 0
  m_IsActive: 1
--- !u!4 &4870270570880820489
Transform:
  m_ObjectHideFlags: 0
  m_CorrespondingSourceObject: {fileID: 0}
  m_PrefabInstance: {fileID: 0}
  m_PrefabAsset: {fileID: 0}
  m_GameObject: {fileID: 8350791579829323344}
  m_LocalRotation: {x: 0, y: -0, z: -0, w: 1}
  m_LocalPosition: {x: -0, y: 0, z: 0}
  m_LocalScale: {x: 1, y: 1, z: 1}
  m_Children: []
  m_Father: {fileID: 7687697095934786682}
  m_RootOrder: 3
  m_LocalEulerAnglesHint: {x: 0, y: 0, z: 0}
--- !u!137 &3099945965195049526
SkinnedMeshRenderer:
  m_ObjectHideFlags: 0
  m_CorrespondingSourceObject: {fileID: 0}
  m_PrefabInstance: {fileID: 0}
  m_PrefabAsset: {fileID: 0}
  m_GameObject: {fileID: 8350791579829323344}
  m_Enabled: 1
  m_CastShadows: 1
  m_ReceiveShadows: 1
  m_DynamicOccludee: 1
  m_MotionVectors: 1
  m_LightProbeUsage: 1
  m_ReflectionProbeUsage: 1
  m_RayTracingMode: 0
  m_RenderingLayerMask: 1
  m_RendererPriority: 0
  m_Materials:
  - {fileID: 2100000, guid: 845c2941a665d4441b304827c4032377, type: 2}
  m_StaticBatchInfo:
    firstSubMesh: 0
    subMeshCount: 0
  m_StaticBatchRoot: {fileID: 0}
  m_ProbeAnchor: {fileID: 0}
  m_LightProbeVolumeOverride: {fileID: 0}
  m_ScaleInLightmap: 1
  m_ReceiveGI: 1
  m_PreserveUVs: 0
  m_IgnoreNormalsForChartDetection: 0
  m_ImportantGI: 0
  m_StitchLightmapSeams: 1
  m_SelectedEditorRenderState: 3
  m_MinimumChartSize: 4
  m_AutoUVMaxDistance: 0.5
  m_AutoUVMaxAngle: 89
  m_LightmapParameters: {fileID: 0}
  m_SortingLayerID: 0
  m_SortingLayer: 0
  m_SortingOrder: 0
  serializedVersion: 2
  m_Quality: 0
  m_UpdateWhenOffscreen: 0
  m_SkinnedMotionVectors: 1
  m_Mesh: {fileID: 7316865918732591153, guid: 898fbb2a9843b7f4196b8d0fc5782184, type: 3}
  m_Bones:
  - {fileID: 7875385254952640252}
  - {fileID: 1191877692073689621}
  - {fileID: 4879698301310826397}
  - {fileID: 8509430779869919893}
  - {fileID: 7881876544626121562}
  - {fileID: 2741349595749749725}
  - {fileID: 498653541619769212}
  m_BlendShapeWeights: []
  m_RootBone: {fileID: 7875385254952640252}
  m_AABB:
    m_Center: {x: 0.40086007, y: -2.2016988, z: 2.1090405}
    m_Extent: {x: 4.878766, y: 3.7610888, z: 4.763056}
  m_DirtyAABB: 0
--- !u!1 &8370389638796548471
GameObject:
  m_ObjectHideFlags: 0
  m_CorrespondingSourceObject: {fileID: 0}
  m_PrefabInstance: {fileID: 0}
  m_PrefabAsset: {fileID: 0}
  serializedVersion: 6
  m_Component:
  - component: {fileID: 6216398506517051428}
  m_Layer: 0
  m_Name: mixamorig:RightHandRing1
  m_TagString: Untagged
  m_Icon: {fileID: 0}
  m_NavMeshLayer: 0
  m_StaticEditorFlags: 0
  m_IsActive: 1
--- !u!4 &6216398506517051428
Transform:
  m_ObjectHideFlags: 0
  m_CorrespondingSourceObject: {fileID: 0}
  m_PrefabInstance: {fileID: 0}
  m_PrefabAsset: {fileID: 0}
  m_GameObject: {fileID: 8370389638796548471}
  m_LocalRotation: {x: 0.18529466, y: 0.04271494, z: 0.12735383, w: 0.973459}
  m_LocalPosition: {x: 0.38270518, y: 1.972503, z: -0.0053457683}
  m_LocalScale: {x: 1, y: 1, z: 1}
  m_Children:
  - {fileID: 3013501584835779692}
  m_Father: {fileID: 8972783923589315353}
  m_RootOrder: 1
  m_LocalEulerAnglesHint: {x: -3.845165, y: -0.14285493, z: 9.727364}
--- !u!1 &8814203418273065347
GameObject:
  m_ObjectHideFlags: 0
  m_CorrespondingSourceObject: {fileID: 0}
  m_PrefabInstance: {fileID: 0}
  m_PrefabAsset: {fileID: 0}
  serializedVersion: 6
  m_Component:
  - component: {fileID: 7881876544626121562}
  m_Layer: 0
  m_Name: mixamorig:Spine
  m_TagString: Untagged
  m_Icon: {fileID: 0}
  m_NavMeshLayer: 0
  m_StaticEditorFlags: 0
  m_IsActive: 1
--- !u!4 &7881876544626121562
Transform:
  m_ObjectHideFlags: 0
  m_CorrespondingSourceObject: {fileID: 0}
  m_PrefabInstance: {fileID: 0}
  m_PrefabAsset: {fileID: 0}
  m_GameObject: {fileID: 8814203418273065347}
  m_LocalRotation: {x: 0.0045952382, y: 0.03258932, z: 0.004287023, w: 0.9994491}
  m_LocalPosition: {x: -0, y: 1.554646, z: -0.120872736}
  m_LocalScale: {x: 1, y: 1, z: 1}
  m_Children:
  - {fileID: 6431508220999852840}
  m_Father: {fileID: 7875385254952640252}
  m_RootOrder: 2
  m_LocalEulerAnglesHint: {x: 28.859785, y: -4.583694, z: -0.4867079}
--- !u!1 &9079803161931451887
GameObject:
  m_ObjectHideFlags: 0
  m_CorrespondingSourceObject: {fileID: 0}
  m_PrefabInstance: {fileID: 0}
  m_PrefabAsset: {fileID: 0}
  serializedVersion: 6
  m_Component:
  - component: {fileID: 1955808304811023633}
  m_Layer: 0
  m_Name: mixamorig:LeftHandIndex4
  m_TagString: Untagged
  m_Icon: {fileID: 0}
  m_NavMeshLayer: 0
  m_StaticEditorFlags: 0
  m_IsActive: 1
--- !u!4 &1955808304811023633
Transform:
  m_ObjectHideFlags: 0
  m_CorrespondingSourceObject: {fileID: 0}
  m_PrefabInstance: {fileID: 0}
  m_PrefabAsset: {fileID: 0}
  m_GameObject: {fileID: 9079803161931451887}
  m_LocalRotation: {x: 0, y: -0, z: -0, w: 1}
  m_LocalPosition: {x: -0.00020485515, y: 0.57502145, z: -4.440892e-16}
  m_LocalScale: {x: 1, y: 1, z: 1}
  m_Children: []
  m_Father: {fileID: 8398084704347202673}
  m_RootOrder: 0
  m_LocalEulerAnglesHint: {x: 0, y: 0, z: 0}
--- !u!1 &9177131347443683062
GameObject:
  m_ObjectHideFlags: 0
  m_CorrespondingSourceObject: {fileID: 0}
  m_PrefabInstance: {fileID: 0}
  m_PrefabAsset: {fileID: 0}
  serializedVersion: 6
  m_Component:
  - component: {fileID: 4181215313185387349}
  m_Layer: 0
  m_Name: mixamorig:LeftHandRing4
  m_TagString: Untagged
  m_Icon: {fileID: 0}
  m_NavMeshLayer: 0
  m_StaticEditorFlags: 0
  m_IsActive: 1
--- !u!4 &4181215313185387349
Transform:
  m_ObjectHideFlags: 0
  m_CorrespondingSourceObject: {fileID: 0}
  m_PrefabInstance: {fileID: 0}
  m_PrefabAsset: {fileID: 0}
  m_GameObject: {fileID: 9177131347443683062}
  m_LocalRotation: {x: 0, y: -0, z: -0, w: 1}
  m_LocalPosition: {x: -0.08278365, y: 0.6899288, z: 1.7763568e-15}
  m_LocalScale: {x: 1, y: 1, z: 1}
  m_Children: []
  m_Father: {fileID: 7656732420489302313}
  m_RootOrder: 0
  m_LocalEulerAnglesHint: {x: 0, y: 0, z: 0}
--- !u!1001 &1518844822253651835
PrefabInstance:
  m_ObjectHideFlags: 0
  serializedVersion: 2
  m_Modification:
    m_TransformParent: {fileID: 7687697095934786682}
    m_Modifications:
    - target: {fileID: 3860013389693931231, guid: 8cd8d19e8d4c5b74eb371abbcf6c1a71,
        type: 3}
      propertyPath: m_LocalPosition.x
      value: 0
      objectReference: {fileID: 0}
    - target: {fileID: 3860013389693931231, guid: 8cd8d19e8d4c5b74eb371abbcf6c1a71,
        type: 3}
      propertyPath: m_LocalPosition.y
      value: 0
      objectReference: {fileID: 0}
    - target: {fileID: 3860013389693931231, guid: 8cd8d19e8d4c5b74eb371abbcf6c1a71,
        type: 3}
      propertyPath: m_LocalPosition.z
      value: 0
      objectReference: {fileID: 0}
    - target: {fileID: 3860013389693931231, guid: 8cd8d19e8d4c5b74eb371abbcf6c1a71,
        type: 3}
      propertyPath: m_LocalRotation.x
      value: -0.7071068
      objectReference: {fileID: 0}
    - target: {fileID: 3860013389693931231, guid: 8cd8d19e8d4c5b74eb371abbcf6c1a71,
        type: 3}
      propertyPath: m_LocalRotation.y
      value: 0
      objectReference: {fileID: 0}
    - target: {fileID: 3860013389693931231, guid: 8cd8d19e8d4c5b74eb371abbcf6c1a71,
        type: 3}
      propertyPath: m_LocalRotation.z
      value: 0
      objectReference: {fileID: 0}
    - target: {fileID: 3860013389693931231, guid: 8cd8d19e8d4c5b74eb371abbcf6c1a71,
        type: 3}
      propertyPath: m_LocalRotation.w
      value: 0.7071068
      objectReference: {fileID: 0}
    - target: {fileID: 3860013389693931231, guid: 8cd8d19e8d4c5b74eb371abbcf6c1a71,
        type: 3}
      propertyPath: m_RootOrder
      value: 9
      objectReference: {fileID: 0}
    - target: {fileID: 3860013389693931231, guid: 8cd8d19e8d4c5b74eb371abbcf6c1a71,
        type: 3}
      propertyPath: m_LocalEulerAnglesHint.x
      value: -90
      objectReference: {fileID: 0}
    - target: {fileID: 3860013389693931231, guid: 8cd8d19e8d4c5b74eb371abbcf6c1a71,
        type: 3}
      propertyPath: m_LocalEulerAnglesHint.y
      value: 0
      objectReference: {fileID: 0}
    - target: {fileID: 3860013389693931231, guid: 8cd8d19e8d4c5b74eb371abbcf6c1a71,
        type: 3}
      propertyPath: m_LocalEulerAnglesHint.z
      value: 0
      objectReference: {fileID: 0}
    - target: {fileID: 6387210858910567188, guid: 8cd8d19e8d4c5b74eb371abbcf6c1a71,
        type: 3}
      propertyPath: m_Name
      value: VFX_aparicion
      objectReference: {fileID: 0}
    m_RemovedComponents: []
  m_SourcePrefab: {fileID: 100100000, guid: 8cd8d19e8d4c5b74eb371abbcf6c1a71, type: 3}
--- !u!4 &2343420930533591460 stripped
Transform:
  m_CorrespondingSourceObject: {fileID: 3860013389693931231, guid: 8cd8d19e8d4c5b74eb371abbcf6c1a71,
    type: 3}
  m_PrefabInstance: {fileID: 1518844822253651835}
  m_PrefabAsset: {fileID: 0}
